<?xml version="1.0" encoding="UTF-8"?>
<!DOCTYPE html PUBLIC "-//W3C//DTD XHTML 1.0 Transitional//EN"
    "http://www.w3.org/TR/xhtml1/DTD/xhtml1-transitional.dtd">
<html xmlns="http://www.w3.org/1999/xhtml" xml:lang="en" lang="en">
 <head>
  <title>
</title>
<meta http-equiv="Content-Type" content="text/html;charset=utf-8" />
  <meta name='ocr-system' content='tesseract 3.04.00' />
  <meta name='ocr-capabilities' content='ocr_page ocr_carea ocr_par ocr_line ocrx_word'/>
</head>
<body>
  <div class='ocr_page' id='page_1' title='image "4777080_0017.png"; bbox 0 0 2680 3690; ppageno 0'>
   <div class='ocr_carea' id='block_1_1' title="bbox 1176 278 1442 321">
    <p class='ocr_par' dir='ltr' id='par_1_1' title="bbox 1176 278 1442 321">
     <span class='ocr_line' id='line_1_1' title="bbox 1176 278 1442 321; baseline 0.004 -13"><span class='ocrx_word' id='word_1_1' title='bbox 1176 278 1442 321; x_wconf 68' lang='lat'>-3-</span> 
     </span>
    </p>
   </div>
   <div class='ocr_carea' id='block_1_2' title="bbox 386 408 2200 1833">
    <p class='ocr_par' dir='ltr' id='par_1_2' title="bbox 402 408 2197 743">
     <span class='ocr_line' id='line_1_2' title="bbox 404 408 2195 474; baseline -0.003 -15"><span class='ocrx_word' id='word_1_2' title='bbox 404 412 633 474; x_wconf 87' lang='lat' dir='ltr'>paruulus</span> <span class='ocrx_word' id='word_1_3' title='bbox 656 409 871 468; x_wconf 88' lang='lat' dir='ltr'>delphini</span> <span class='ocrx_word' id='word_1_4' title='bbox 899 409 1178 453; x_wconf 82' lang='lat' dir='ltr'><strong>Palaemon.</strong></span> <span class='ocrx_word' id='word_1_5' title='bbox 1208 408 1307 453; x_wconf 91' lang='lat' dir='ltr'>Iam</span> <span class='ocrx_word' id='word_1_6' title='bbox 1334 408 1510 466; x_wconf 90' lang='lat' dir='ltr'>passim</span> <span class='ocrx_word' id='word_1_7' title='bbox 1537 409 1683 453; x_wconf 88' lang='lat' dir='ltr'>maria</span> <span class='ocrx_word' id='word_1_8' title='bbox 1711 410 2022 467; x_wconf 81' lang='lat' dir='ltr'>persultantes</span> <span class='ocrx_word' id='word_1_9' title='bbox 2041 410 2195 454; x_wconf 93' lang='lat' dir='ltr'>Trito-</span> 
     </span>
     <span class='ocr_line' id='line_1_3' title="bbox 404 479 2197 541; baseline -0.002 -12"><span class='ocrx_word' id='word_1_10' title='bbox 404 493 778 535; x_wconf 82' lang='lat' dir='ltr'>numcateruae,</span> <span class='ocrx_word' id='word_1_11' title='bbox 805 480 880 524; x_wconf 93' lang='lat' dir='ltr'>hic</span> <span class='ocrx_word' id='word_1_12' title='bbox 904 480 1082 524; x_wconf 88' lang='lat' dir='ltr'>concha</span> <span class='ocrx_word' id='word_1_13' title='bbox 1109 479 1264 523; x_wconf 91' lang='lat' dir='ltr'>sonaci</span> <span class='ocrx_word' id='word_1_14' title='bbox 1293 479 1461 524; x_wconf 89' lang='lat' dir='ltr'>leniter</span> <span class='ocrx_word' id='word_1_15' title='bbox 1485 479 1693 535; x_wconf 88' lang='lat' dir='ltr'>bucinat,</span> <span class='ocrx_word' id='word_1_16' title='bbox 1716 480 1792 525; x_wconf 93' lang='lat' dir='ltr'>ille</span> <span class='ocrx_word' id='word_1_17' title='bbox 1817 480 1964 525; x_wconf 91' lang='lat' dir='ltr'>serico</span> <span class='ocrx_word' id='word_1_18' title='bbox 1990 481 2197 541; x_wconf 90' lang='lat' dir='ltr'>tegmine</span> 
     </span>
     <span class='ocr_line' id='line_1_4' title="bbox 402 550 2194 615; baseline -0.002 -15"><span class='ocrx_word' id='word_1_19' title='bbox 402 553 677 615; x_wconf 87' lang='lat' dir='ltr'>flagrantiae</span> <span class='ocrx_word' id='word_1_20' title='bbox 703 551 816 596; x_wconf 93' lang='lat' dir='ltr'>solis</span> <span class='ocrx_word' id='word_1_21' title='bbox 839 550 1026 596; x_wconf 90' lang='lat' dir='ltr'>obsistit</span> <span class='ocrx_word' id='word_1_22' title='bbox 1051 550 1252 605; x_wconf 87' lang='lat' dir='ltr'>inimici,</span> <span class='ocrx_word' id='word_1_23' title='bbox 1275 550 1396 595; x_wconf 92' lang='lat' dir='ltr'>alius</span> <span class='ocrx_word' id='word_1_24' title='bbox 1420 551 1507 595; x_wconf 89' lang='lat' dir='ltr'>sub</span> <span class='ocrx_word' id='word_1_25' title='bbox 1530 551 1679 596; x_wconf 92' lang='lat' dir='ltr'>oculis</span> <span class='ocrx_word' id='word_1_26' title='bbox 1703 552 1924 597; x_wconf 88' lang='lat' dir='ltr'>dominae</span> <span class='ocrx_word' id='word_1_27' title='bbox 1950 553 2194 612; x_wconf 89' lang='lat' dir='ltr'>speculum</span> 
     </span>
     <span class='ocr_line' id='line_1_5' title="bbox 403 622 2196 687; baseline -0.001 -16"><span class='ocrx_word' id='word_1_28' title='bbox 403 624 630 687; x_wconf 91' lang='lat' dir='ltr'>progerit,</span> <span class='ocrx_word' id='word_1_29' title='bbox 655 639 823 669; x_wconf 87' lang='lat' dir='ltr'>currus</span> <span class='ocrx_word' id='word_1_30' title='bbox 848 622 1033 683; x_wconf 89' lang='lat' dir='ltr'>biiuges</span> <span class='ocrx_word' id='word_1_31' title='bbox 1067 622 1145 667; x_wconf 91' lang='lat' dir='ltr'>alii</span> <span class='ocrx_word' id='word_1_32' title='bbox 1172 623 1443 668; x_wconf 91' lang='lat' dir='ltr'>subnatant.</span> <span class='ocrx_word' id='word_1_33' title='bbox 1470 623 1603 668; x_wconf 92' lang='lat' dir='ltr'>Talis</span> <span class='ocrx_word' id='word_1_34' title='bbox 1632 624 1690 668; x_wconf 91' lang='lat' dir='ltr'>ad</span> <span class='ocrx_word' id='word_1_35' title='bbox 1721 623 1970 670; x_wconf 84' lang='lat' dir='ltr'>Oceanum</span> <span class='ocrx_word' id='word_1_36' title='bbox 2003 641 2196 685; x_wconf 88' lang='lat' dir='ltr'>pergen-</span> 
     </span>
     <span class='ocr_line' id='line_1_6' title="bbox 402 694 1302 743; baseline -0.004 0"><span class='ocrx_word' id='word_1_37' title='bbox 402 710 494 743; x_wconf 86' lang='lat' dir='ltr'>tem</span> <span class='ocrx_word' id='word_1_38' title='bbox 520 697 753 741; x_wconf 86' lang='lat' dir='ltr'>Venerem</span> <span class='ocrx_word' id='word_1_39' title='bbox 779 694 1033 739; x_wconf 85' lang='lat' dir='ltr'>comitatur</span> <span class='ocrx_word' id='word_1_40' title='bbox 1056 694 1302 739; x_wconf 80' lang='lat' dir='ltr'>exercitus,</span> 
     </span>
    </p>

    <p class='ocr_par' dir='ltr' id='par_1_3' title="bbox 386 766 2200 1833">
     <span class='ocr_line' id='line_1_7' title="bbox 524 766 2195 827; baseline -0.001 -14"><span class='ocrx_word' id='word_1_41' title='bbox 524 769 581 813; x_wconf 85' lang='lat'>32</span> <span class='ocrx_word' id='word_1_42' title='bbox 618 768 803 812; x_wconf 87' lang='lat' dir='ltr'>Interea</span> <span class='ocrx_word' id='word_1_43' title='bbox 821 767 1006 826; x_wconf 87' lang='lat' dir='ltr'>Psyche</span> <span class='ocrx_word' id='word_1_44' title='bbox 1025 782 1132 810; x_wconf 91' lang='lat' dir='ltr'>cum</span> <span class='ocrx_word' id='word_1_45' title='bbox 1154 781 1237 810; x_wconf 89' lang='lat' dir='ltr'>sua</span> <span class='ocrx_word' id='word_1_46' title='bbox 1257 766 1344 811; x_wconf 87' lang='lat' dir='ltr'>sibi</span> <span class='ocrx_word' id='word_1_47' title='bbox 1365 767 1612 826; x_wconf 88' lang='lat' dir='ltr'>perspicua</span> <span class='ocrx_word' id='word_1_48' title='bbox 1633 768 1989 827; x_wconf 84' lang='lat' dir='ltr'>pulchritudine</span> <span class='ocrx_word' id='word_1_49' title='bbox 2010 768 2195 812; x_wconf 88' lang='lat' dir='ltr'>nullum</span> 
     </span>
     <span class='ocr_line' id='line_1_8' title="bbox 403 838 2197 899; baseline -0.002 -12"><span class='ocrx_word' id='word_1_50' title='bbox 403 840 586 887; x_wconf 89' lang='lat' dir='ltr'>decoris</span> <span class='ocrx_word' id='word_1_51' title='bbox 622 839 693 884; x_wconf 92' lang='lat' dir='ltr'>sui</span> <span class='ocrx_word' id='word_1_52' title='bbox 731 838 935 884; x_wconf 85' lang='lat' dir='ltr'>fructum</span> <span class='ocrx_word' id='word_1_53' title='bbox 976 838 1190 899; x_wconf 85' lang='lat' dir='ltr'>percipit.</span> <span class='ocrx_word' id='word_1_54' title='bbox 1232 838 1481 898; x_wconf 81' lang='lat' dir='ltr'>Spectatur</span> <span class='ocrx_word' id='word_1_55' title='bbox 1516 839 1573 883; x_wconf 89' lang='lat' dir='ltr'>ab</span> <span class='ocrx_word' id='word_1_56' title='bbox 1610 840 1853 896; x_wconf 78' lang='lat' dir='ltr'>omnibuS,</span> <span class='ocrx_word' id='word_1_57' title='bbox 1888 840 2106 884; x_wconf 91' lang='lat' dir='ltr'>laudatur</span> <span class='ocrx_word' id='word_1_58' title='bbox 2140 840 2197 884; x_wconf 91' lang='lat' dir='ltr'>ab</span> 
     </span>
     <span class='ocr_line' id='line_1_9' title="bbox 402 910 2196 970; baseline -0.001 -14"><span class='ocrx_word' id='word_1_59' title='bbox 402 912 646 966; x_wconf 89' lang='lat' dir='ltr'>omnibus,</span> <span class='ocrx_word' id='word_1_60' title='bbox 673 926 756 955; x_wconf 92' lang='lat' dir='ltr'>nec</span> <span class='ocrx_word' id='word_1_61' title='bbox 781 910 1056 969; x_wconf 87' lang='lat' dir='ltr'>quisquam,</span> <span class='ocrx_word' id='word_1_62' title='bbox 1083 925 1179 954; x_wconf 90' lang='lat' dir='ltr'>non</span> <span class='ocrx_word' id='word_1_63' title='bbox 1205 925 1301 966; x_wconf 89' lang='lat' dir='ltr'>rex,</span> <span class='ocrx_word' id='word_1_64' title='bbox 1329 926 1421 954; x_wconf 92' lang='lat' dir='ltr'>non</span> <span class='ocrx_word' id='word_1_65' title='bbox 1449 911 1622 970; x_wconf 77' lang='lat' dir='ltr'>regiUS,</span> <span class='ocrx_word' id='word_1_66' title='bbox 1650 926 1734 955; x_wconf 89' lang='lat' dir='ltr'>nec</span> <span class='ocrx_word' id='word_1_67' title='bbox 1759 913 1816 955; x_wconf 92' lang='lat' dir='ltr'>de</span> <span class='ocrx_word' id='word_1_68' title='bbox 1850 912 1985 970; x_wconf 89' lang='lat' dir='ltr'>plebe</span> <span class='ocrx_word' id='word_1_69' title='bbox 2012 912 2196 965; x_wconf 91' lang='lat' dir='ltr'>saltem,</span> 
     </span>
     <span class='ocr_line' id='line_1_10' title="bbox 402 981 2197 1044; baseline -0.001 -15"><span class='ocrx_word' id='word_1_70' title='bbox 402 983 602 1044; x_wconf 89' lang='lat' dir='ltr'>cupiens</span> <span class='ocrx_word' id='word_1_71' title='bbox 626 982 727 1027; x_wconf 91' lang='lat' dir='ltr'>eius</span> <span class='ocrx_word' id='word_1_72' title='bbox 760 982 1035 1042; x_wconf 89' lang='lat' dir='ltr'>nuptiarum</span> <span class='ocrx_word' id='word_1_73' title='bbox 1063 981 1234 1042; x_wconf 90' lang='lat' dir='ltr'>petitor</span> <span class='ocrx_word' id='word_1_74' title='bbox 1263 982 1455 1028; x_wconf 89' lang='lat' dir='ltr'>accedit.</span> <span class='ocrx_word' id='word_1_75' title='bbox 1484 982 1724 1028; x_wconf 86' lang='lat' dir='ltr'>Mirantur</span> <span class='ocrx_word' id='word_1_76' title='bbox 1754 983 1946 1042; x_wconf 91' lang='lat' dir='ltr'>quidem</span> <span class='ocrx_word' id='word_1_77' title='bbox 1980 983 2197 1029; x_wconf 91' lang='lat' dir='ltr'>diuinam</span> 
     </span>
     <span class='ocr_line' id='line_1_11' title="bbox 404 1054 2195 1114; baseline 0.001 -16"><span class='ocrx_word' id='word_1_78' title='bbox 404 1055 626 1114; x_wconf 85' lang='lat' dir='ltr'>speciem,</span> <span class='ocrx_word' id='word_1_79' title='bbox 663 1055 743 1099; x_wconf 91' lang='lat' dir='ltr'>sed</span> <span class='ocrx_word' id='word_1_80' title='bbox 776 1066 824 1098; x_wconf 92' lang='lat' dir='ltr'>ut</span> <span class='ocrx_word' id='word_1_81' title='bbox 855 1054 1163 1104; x_wconf 78' lang='lat' dir='ltr'>simulacrum</span> <span class='ocrx_word' id='word_1_82' title='bbox 1194 1054 1324 1099; x_wconf 91' lang='lat' dir='ltr'>fabre</span> <span class='ocrx_word' id='word_1_83' title='bbox 1356 1054 1554 1114; x_wconf 90' lang='lat' dir='ltr'>politum</span> <span class='ocrx_word' id='word_1_84' title='bbox 1590 1054 1823 1100; x_wconf 88' lang='lat' dir='ltr'>mirantur</span> <span class='ocrx_word' id='word_1_85' title='bbox 1853 1071 2034 1100; x_wconf 75' lang='lat' dir='ltr'>omnes</span> <span class='ocrx_word' id='word_1_86' title='bbox 2065 1055 2195 1101; x_wconf 91' lang='lat' dir='ltr'>Olim</span> 
     </span>
     <span class='ocr_line' id='line_1_12' title="bbox 403 1124 2196 1185; baseline -0.001 -13"><span class='ocrx_word' id='word_1_87' title='bbox 403 1127 523 1172; x_wconf 86' lang='lat' dir='ltr'>duae</span> <span class='ocrx_word' id='word_1_88' title='bbox 568 1124 771 1170; x_wconf 91' lang='lat' dir='ltr'>maiores</span> <span class='ocrx_word' id='word_1_89' title='bbox 811 1141 1015 1180; x_wconf 79' lang='lat' dir='ltr'>sororeS,</span> <span class='ocrx_word' id='word_1_90' title='bbox 1061 1141 1263 1184; x_wconf 88' lang='lat' dir='ltr'>quarum</span> <span class='ocrx_word' id='word_1_91' title='bbox 1304 1137 1612 1185; x_wconf 89' lang='lat' dir='ltr'>temperatam</span> <span class='ocrx_word' id='word_1_92' title='bbox 1660 1125 2038 1172; x_wconf 89' lang='lat' dir='ltr'>formonsitatem</span> <span class='ocrx_word' id='word_1_93' title='bbox 2080 1126 2196 1171; x_wconf 92' lang='lat' dir='ltr'>nulli</span> 
     </span>
     <span class='ocr_line' id='line_1_13' title="bbox 403 1197 2200 1259; baseline 0.001 -17"><span class='ocrx_word' id='word_1_94' title='bbox 403 1198 706 1242; x_wconf 86' lang='lat' dir='ltr'>diffamarant</span> <span class='ocrx_word' id='word_1_95' title='bbox 742 1198 925 1257; x_wconf 87' lang='lat' dir='ltr'>populi,</span> <span class='ocrx_word' id='word_1_96' title='bbox 966 1197 1120 1257; x_wconf 90' lang='lat' dir='ltr'>procis</span> <span class='ocrx_word' id='word_1_97' title='bbox 1157 1198 1348 1258; x_wconf 90' lang='lat' dir='ltr'>regibus</span> <span class='ocrx_word' id='word_1_98' title='bbox 1384 1199 1647 1258; x_wconf 85' lang='lat' dir='ltr'>desponsae</span> <span class='ocrx_word' id='word_1_99' title='bbox 1685 1198 1779 1242; x_wconf 88' lang='lat' dir='ltr'>iam</span> <span class='ocrx_word' id='word_1_100' title='bbox 1817 1198 1975 1242; x_wconf 91' lang='lat' dir='ltr'>beatas</span> <span class='ocrx_word' id='word_1_101' title='bbox 2010 1200 2200 1259; x_wconf 87' lang='lat' dir='ltr'>nuptias</span> 
     </span>
     <span class='ocr_line' id='line_1_14' title="bbox 404 1268 2196 1329; baseline 0.001 -17"><span class='ocrx_word' id='word_1_102' title='bbox 404 1270 618 1329; x_wconf 78' lang='lat' dir='ltr'>adeptae,</span> <span class='ocrx_word' id='word_1_103' title='bbox 641 1270 720 1312; x_wconf 90' lang='lat' dir='ltr'>sed</span> <span class='ocrx_word' id='word_1_104' title='bbox 742 1269 924 1328; x_wconf 78' lang='lat' dir='ltr'>Psyche</span> <span class='ocrx_word' id='word_1_105' title='bbox 949 1268 1084 1328; x_wconf 88' lang='lat' dir='ltr'>uirgo</span> <span class='ocrx_word' id='word_1_106' title='bbox 1105 1269 1249 1312; x_wconf 89' lang='lat' dir='ltr'>uidua</span> <span class='ocrx_word' id='word_1_107' title='bbox 1268 1269 1398 1312; x_wconf 93' lang='lat' dir='ltr'>domi</span> <span class='ocrx_word' id='word_1_108' title='bbox 1419 1269 1632 1313; x_wconf 89' lang='lat' dir='ltr'>residens</span> <span class='ocrx_word' id='word_1_109' title='bbox 1651 1270 1792 1313; x_wconf 88' lang='lat' dir='ltr'>deflet</span> <span class='ocrx_word' id='word_1_110' title='bbox 1810 1271 2041 1314; x_wconf 88' lang='lat' dir='ltr'>desertam</span> <span class='ocrx_word' id='word_1_111' title='bbox 2065 1285 2196 1313; x_wconf 89' lang='lat' dir='ltr'>suam</span> 
     </span>
     <span class='ocr_line' id='line_1_15' title="bbox 386 1341 2199 1403; baseline 0.001 -19"><span class='ocrx_word' id='word_1_112' title='bbox 386 1341 732 1396; x_wconf 68' lang='lat' dir='ltr'>solitudinem,</span> <span class='ocrx_word' id='word_1_113' title='bbox 753 1356 889 1401; x_wconf 88' lang='lat' dir='ltr'>aegra</span> <span class='ocrx_word' id='word_1_114' title='bbox 915 1342 1143 1400; x_wconf 77' lang='lat' dir='ltr'>corporis,</span> <span class='ocrx_word' id='word_1_115' title='bbox 1168 1342 1313 1385; x_wconf 90' lang='lat' dir='ltr'>animi</span> <span class='ocrx_word' id='word_1_116' title='bbox 1336 1342 1511 1395; x_wconf 89' lang='lat' dir='ltr'>saucia,</span> <span class='ocrx_word' id='word_1_117' title='bbox 1534 1354 1575 1385; x_wconf 90' lang='lat' dir='ltr'>et</span> <span class='ocrx_word' id='word_1_118' title='bbox 1599 1343 1821 1401; x_wconf 83' lang='lat' dir='ltr'>quamuis</span> <span class='ocrx_word' id='word_1_119' title='bbox 1845 1344 2067 1403; x_wconf 84' lang='lat' dir='ltr'>gentibus</span> <span class='ocrx_word' id='word_1_120' title='bbox 2091 1344 2199 1386; x_wconf 89' lang='lat' dir='ltr'>totis</span> 
     </span>
     <span class='ocr_line' id='line_1_16' title="bbox 402 1413 2198 1473; baseline 0.001 -16"><span class='ocrx_word' id='word_1_121' title='bbox 402 1413 733 1473; x_wconf 89' lang='lat' dir='ltr'>complacitam</span> <span class='ocrx_word' id='word_1_122' title='bbox 758 1414 858 1458; x_wconf 90' lang='lat' dir='ltr'>odit</span> <span class='ocrx_word' id='word_1_123' title='bbox 888 1414 936 1458; x_wconf 90' lang='lat' dir='ltr'>in</span> <span class='ocrx_word' id='word_1_124' title='bbox 968 1429 1015 1457; x_wconf 91' lang='lat' dir='ltr'>se</span> <span class='ocrx_word' id='word_1_125' title='bbox 1046 1430 1181 1458; x_wconf 91' lang='lat' dir='ltr'>suam</span> <span class='ocrx_word' id='word_1_126' title='bbox 1212 1414 1605 1458; x_wconf 90' lang='lat' dir='ltr'>formonsitatem.</span> <span class='ocrx_word' id='word_1_127' title='bbox 1634 1414 1713 1460; x_wconf 90' lang='lat' dir='ltr'>Sic</span> <span class='ocrx_word' id='word_1_128' title='bbox 1744 1415 2198 1459; x_wconf 85' lang='lat' dir='ltr'>infortunatissimae</span> 
     </span>
     <span class='ocr_line' id='line_1_17' title="bbox 404 1485 2196 1547; baseline 0.002 -18"><span class='ocrx_word' id='word_1_129' title='bbox 404 1486 527 1530; x_wconf 89' lang='lat' dir='ltr'>filiae</span> <span class='ocrx_word' id='word_1_130' title='bbox 552 1485 849 1546; x_wconf 75' lang='lat' dir='ltr'>miserrimus</span> <span class='ocrx_word' id='word_1_131' title='bbox 873 1497 1004 1545; x_wconf 88' lang='lat' dir='ltr'>pater</span> <span class='ocrx_word' id='word_1_132' title='bbox 1027 1485 1304 1546; x_wconf 85' lang='lat' dir='ltr'>suspectatis</span> <span class='ocrx_word' id='word_1_133' title='bbox 1332 1486 1610 1530; x_wconf 83' lang='lat' dir='ltr'>caelestibus</span> <span class='ocrx_word' id='word_1_134' title='bbox 1635 1486 1759 1535; x_wconf 80' lang='lat' dir='ltr'>odiis</span> <span class='ocrx_word' id='word_1_135' title='bbox 1783 1500 1826 1531; x_wconf 92' lang='lat' dir='ltr'>et</span> <span class='ocrx_word' id='word_1_136' title='bbox 1850 1487 1946 1532; x_wconf 89' lang='lat' dir='ltr'>irae</span> <span class='ocrx_word' id='word_1_137' title='bbox 1973 1503 2196 1547; x_wconf 89' lang='lat' dir='ltr'>superum</span> 
     </span>
     <span class='ocr_line' id='line_1_18' title="bbox 405 1558 2199 1617; baseline 0.001 -16"><span class='ocrx_word' id='word_1_138' title='bbox 405 1570 622 1602; x_wconf 88' lang='lat' dir='ltr'>metuens</span> <span class='ocrx_word' id='word_1_139' title='bbox 646 1558 720 1602; x_wconf 89' lang='lat' dir='ltr'>dei</span> <span class='ocrx_word' id='word_1_140' title='bbox 748 1558 922 1602; x_wconf 91' lang='lat' dir='ltr'>Milesii</span> <span class='ocrx_word' id='word_1_141' title='bbox 946 1558 1320 1602; x_wconf 90' lang='lat' dir='ltr'>uetustissimum</span> <span class='ocrx_word' id='word_1_142' title='bbox 1344 1570 1647 1617; x_wconf 90' lang='lat' dir='ltr'>percontatur</span> <span class='ocrx_word' id='word_1_143' title='bbox 1665 1560 1910 1603; x_wconf 90' lang='lat' dir='ltr'>oraculum</span> <span class='ocrx_word' id='word_1_144' title='bbox 1932 1573 1976 1603; x_wconf 91' lang='lat' dir='ltr'>et</span> <span class='ocrx_word' id='word_1_145' title='bbox 1994 1561 2050 1603; x_wconf 94' lang='lat' dir='ltr'>de</span> <span class='ocrx_word' id='word_1_146' title='bbox 2070 1572 2199 1604; x_wconf 92' lang='lat' dir='ltr'>tanto</span> 
     </span>
     <span class='ocr_line' id='line_1_19' title="bbox 404 1629 2198 1690; baseline 0.001 -17"><span class='ocrx_word' id='word_1_147' title='bbox 404 1629 602 1673; x_wconf 88' lang='lat' dir='ltr'>numine</span> <span class='ocrx_word' id='word_1_148' title='bbox 627 1629 847 1688; x_wconf 90' lang='lat' dir='ltr'>precibus</span> <span class='ocrx_word' id='word_1_149' title='bbox 871 1641 915 1673; x_wconf 89' lang='lat' dir='ltr'>et</span> <span class='ocrx_word' id='word_1_150' title='bbox 945 1629 1151 1674; x_wconf 90' lang='lat' dir='ltr'>uictimis</span> <span class='ocrx_word' id='word_1_151' title='bbox 1183 1629 1390 1689; x_wconf 86' lang='lat' dir='ltr'>ingratae</span> <span class='ocrx_word' id='word_1_152' title='bbox 1422 1630 1596 1689; x_wconf 87' lang='lat' dir='ltr'>uirgini</span> <span class='ocrx_word' id='word_1_153' title='bbox 1629 1631 1744 1689; x_wconf 91' lang='lat' dir='ltr'>petit</span> <span class='ocrx_word' id='word_1_154' title='bbox 1774 1632 1964 1690; x_wconf 87' lang='lat' dir='ltr'>nuptias</span> <span class='ocrx_word' id='word_1_155' title='bbox 1990 1644 2032 1675; x_wconf 92' lang='lat' dir='ltr'>et</span> <span class='ocrx_word' id='word_1_156' title='bbox 2064 1632 2198 1675; x_wconf 90' lang='lat' dir='ltr'>mari-</span> 
     </span>
     <span class='ocr_line' id='line_1_20' title="bbox 404 1700 2198 1762; baseline 0.002 -18"><span class='ocrx_word' id='word_1_157' title='bbox 404 1712 521 1745; x_wconf 89' lang='lat' dir='ltr'>tum.</span> <span class='ocrx_word' id='word_1_158' title='bbox 561 1700 654 1747; x_wconf 85' lang='lat' dir='ltr'>Sed</span> <span class='ocrx_word' id='word_1_159' title='bbox 690 1700 865 1759; x_wconf 89' lang='lat' dir='ltr'>Apollo</span> <span class='ocrx_word' id='word_1_160' title='bbox 894 1716 1166 1760; x_wconf 89' lang='lat' dir='ltr'>quanquam</span> <span class='ocrx_word' id='word_1_161' title='bbox 1203 1700 1413 1746; x_wconf 90' lang='lat' dir='ltr'>Graecus</span> <span class='ocrx_word' id='word_1_162' title='bbox 1447 1713 1490 1745; x_wconf 94' lang='lat' dir='ltr'>et</span> <span class='ocrx_word' id='word_1_163' title='bbox 1526 1701 1718 1746; x_wconf 89' lang='lat' dir='ltr'>Ionicus</span> <span class='ocrx_word' id='word_1_164' title='bbox 1752 1715 1945 1762; x_wconf 88' lang='lat' dir='ltr'>propter</span> <span class='ocrx_word' id='word_1_165' title='bbox 1990 1702 2198 1747; x_wconf 90' lang='lat' dir='ltr'>milesiae</span> 
     </span>
     <span class='ocr_line' id='line_1_21' title="bbox 404 1771 1436 1833; baseline 0.001 -17"><span class='ocrx_word' id='word_1_166' title='bbox 404 1771 696 1817; x_wconf 90' lang='lat' dir='ltr'>conditorem</span> <span class='ocrx_word' id='word_1_167' title='bbox 724 1772 789 1817; x_wconf 91' lang='lat' dir='ltr'>sic</span> <span class='ocrx_word' id='word_1_168' title='bbox 815 1772 983 1817; x_wconf 89' lang='lat' dir='ltr'>Latina</span> <span class='ocrx_word' id='word_1_169' title='bbox 1008 1784 1132 1817; x_wconf 91' lang='lat' dir='ltr'>sorte</span> <span class='ocrx_word' id='word_1_170' title='bbox 1156 1773 1401 1833; x_wconf 91' lang='lat' dir='ltr'>respondit</span> <span class='ocrx_word' id='word_1_171' title='bbox 1429 1790 1436 1817; x_wconf 92' lang='lat'>:</span> 
     </span>
    </p>
   </div>
   <div class='ocr_carea' id='block_1_3' title="bbox 624 1915 1745 2339">
    <p class='ocr_par' dir='ltr' id='par_1_4' title="bbox 624 1915 1625 1959">
     <span class='ocr_line' id='line_1_22' title="bbox 624 1915 1625 1959; baseline 0.002 -12"><span class='ocrx_word' id='word_1_172' title='bbox 624 1915 664 1947; x_wconf 75' lang='lat'>33</span> <span class='ocrx_word' id='word_1_173' title='bbox 692 1915 827 1948; x_wconf 88' lang='lat' dir='ltr'>Montis</span> <span class='ocrx_word' id='word_1_174' title='bbox 849 1916 883 1948; x_wconf 91' lang='lat' dir='ltr'>in</span> <span class='ocrx_word' id='word_1_175' title='bbox 908 1916 1041 1948; x_wconf 83' lang='lat' dir='ltr'>excelsi</span> <span class='ocrx_word' id='word_1_176' title='bbox 1065 1917 1232 1958; x_wconf 89' lang='lat' dir='ltr'>scopulo,</span> <span class='ocrx_word' id='word_1_177' title='bbox 1256 1926 1330 1956; x_wconf 86' lang='lat' dir='ltr'>rex,</span> <span class='ocrx_word' id='word_1_178' title='bbox 1353 1916 1440 1949; x_wconf 87' lang='lat' dir='ltr'>siste</span> <span class='ocrx_word' id='word_1_179' title='bbox 1463 1917 1625 1959; x_wconf 87' lang='lat' dir='ltr'>puellam</span> 
     </span>
    </p>

    <p class='ocr_par' dir='ltr' id='par_1_5' title="bbox 764 1970 1463 2004">
     <span class='ocr_line' id='line_1_23' title="bbox 764 1970 1463 2004; baseline -0.001 -1"><span class='ocrx_word' id='word_1_180' title='bbox 764 1970 944 2003; x_wconf 83' lang='lat' dir='ltr'>Ornatam</span> <span class='ocrx_word' id='word_1_181' title='bbox 966 1971 1108 2003; x_wconf 88' lang='lat' dir='ltr'>mundo</span> <span class='ocrx_word' id='word_1_182' title='bbox 1131 1970 1272 2003; x_wconf 89' lang='lat' dir='ltr'>funerei</span> <span class='ocrx_word' id='word_1_183' title='bbox 1295 1971 1463 2004; x_wconf 87' lang='lat' dir='ltr'>thalami.</span> 
     </span>
    </p>

    <p class='ocr_par' dir='ltr' id='par_1_6' title="bbox 691 2024 1727 2121">
     <span class='ocr_line' id='line_1_24' title="bbox 691 2024 1620 2068; baseline 0.002 -12"><span class='ocrx_word' id='word_1_184' title='bbox 691 2024 762 2056; x_wconf 89' lang='lat' dir='ltr'>Nec</span> <span class='ocrx_word' id='word_1_185' title='bbox 785 2034 910 2067; x_wconf 87' lang='lat' dir='ltr'>speres</span> <span class='ocrx_word' id='word_1_186' title='bbox 932 2034 1109 2067; x_wconf 86' lang='lat' dir='ltr'>generum</span> <span class='ocrx_word' id='word_1_187' title='bbox 1135 2025 1282 2058; x_wconf 89' lang='lat' dir='ltr'>mortali</span> <span class='ocrx_word' id='word_1_188' title='bbox 1306 2025 1419 2068; x_wconf 88' lang='lat' dir='ltr'>stirpe</span> <span class='ocrx_word' id='word_1_189' title='bbox 1441 2033 1620 2065; x_wconf 87' lang='lat' dir='ltr'>creatum,</span> 
     </span>
     <span class='ocr_line' id='line_1_25' title="bbox 764 2078 1727 2121; baseline 0.001 -11"><span class='ocrx_word' id='word_1_190' title='bbox 764 2079 833 2111; x_wconf 88' lang='lat' dir='ltr'>Sed</span> <span class='ocrx_word' id='word_1_191' title='bbox 850 2089 1006 2111; x_wconf 87' lang='lat' dir='ltr'>saeuum</span> <span class='ocrx_word' id='word_1_192' title='bbox 1023 2086 1133 2120; x_wconf 91' lang='lat' dir='ltr'>atque</span> <span class='ocrx_word' id='word_1_193' title='bbox 1149 2078 1269 2111; x_wconf 88' lang='lat' dir='ltr'>ferum</span> <span class='ocrx_word' id='word_1_194' title='bbox 1285 2080 1557 2121; x_wconf 85' lang='lat' dir='ltr'>uipereumque</span> <span class='ocrx_word' id='word_1_195' title='bbox 1572 2080 1727 2119; x_wconf 85' lang='lat' dir='ltr'>malum,</span> 
     </span>
    </p>

    <p class='ocr_par' dir='ltr' id='par_1_7' title="bbox 693 2132 1716 2232">
     <span class='ocr_line' id='line_1_26' title="bbox 693 2132 1716 2176; baseline 0.002 -11"><span class='ocrx_word' id='word_1_196' title='bbox 693 2132 767 2172; x_wconf 86' lang='lat' dir='ltr'>Qui</span> <span class='ocrx_word' id='word_1_197' title='bbox 791 2132 916 2175; x_wconf 89' lang='lat' dir='ltr'>pinnis</span> <span class='ocrx_word' id='word_1_198' title='bbox 937 2132 1099 2166; x_wconf 89' lang='lat' dir='ltr'>uolitans</span> <span class='ocrx_word' id='word_1_199' title='bbox 1121 2143 1234 2176; x_wconf 89' lang='lat' dir='ltr'>super</span> <span class='ocrx_word' id='word_1_200' title='bbox 1255 2133 1403 2167; x_wconf 89' lang='lat' dir='ltr'>aethera</span> <span class='ocrx_word' id='word_1_201' title='bbox 1424 2141 1555 2167; x_wconf 89' lang='lat' dir='ltr'>cuncta</span> <span class='ocrx_word' id='word_1_202' title='bbox 1580 2133 1716 2176; x_wconf 88' lang='lat' dir='ltr'>fatigat,</span> 
     </span>
     <span class='ocr_line' id='line_1_27' title="bbox 766 2187 1555 2232; baseline 0.001 -13"><span class='ocrx_word' id='word_1_203' title='bbox 766 2188 1010 2230; x_wconf 86' lang='lat' dir='ltr'>Flammaque</span> <span class='ocrx_word' id='word_1_204' title='bbox 1031 2194 1065 2220; x_wconf 90' lang='lat' dir='ltr'>et</span> <span class='ocrx_word' id='word_1_205' title='bbox 1087 2187 1184 2220; x_wconf 83' lang='lat' dir='ltr'>ferro</span> <span class='ocrx_word' id='word_1_206' title='bbox 1206 2188 1352 2232; x_wconf 87' lang='lat' dir='ltr'>singula</span> <span class='ocrx_word' id='word_1_207' title='bbox 1374 2189 1555 2230; x_wconf 85' lang='lat' dir='ltr'>debilitat,</span> 
     </span>
    </p>

    <p class='ocr_par' dir='ltr' id='par_1_8' title="bbox 694 2242 1745 2339">
     <span class='ocr_line' id='line_1_28' title="bbox 694 2242 1716 2283; baseline 0.001 -11"><span class='ocrx_word' id='word_1_208' title='bbox 694 2242 778 2279; x_wconf 91' lang='lat' dir='ltr'>Quo</span> <span class='ocrx_word' id='word_1_209' title='bbox 801 2242 924 2273; x_wconf 90' lang='lat' dir='ltr'>tremit</span> <span class='ocrx_word' id='word_1_210' title='bbox 947 2242 1024 2281; x_wconf 90' lang='lat' dir='ltr'>ipse</span> <span class='ocrx_word' id='word_1_211' title='bbox 1047 2242 1159 2282; x_wconf 85' lang='lat' dir='ltr'>Iouis,</span> <span class='ocrx_word' id='word_1_212' title='bbox 1182 2252 1257 2283; x_wconf 90' lang='lat' dir='ltr'>quo</span> <span class='ocrx_word' id='word_1_213' title='bbox 1280 2243 1436 2274; x_wconf 86' lang='lat' dir='ltr'>numina</span> <span class='ocrx_word' id='word_1_214' title='bbox 1457 2243 1716 2282; x_wconf 78' lang='lat' dir='ltr'>terrificantur,</span> 
     </span>
     <span class='ocr_line' id='line_1_29' title="bbox 768 2295 1745 2339; baseline 0.001 -13"><span class='ocrx_word' id='word_1_215' title='bbox 768 2295 938 2327; x_wconf 80' lang='lat' dir='ltr'>Flumina</span> <span class='ocrx_word' id='word_1_216' title='bbox 961 2306 1074 2337; x_wconf 86' lang='lat' dir='ltr'>quem</span> <span class='ocrx_word' id='word_1_217' title='bbox 1097 2295 1318 2328; x_wconf 84' lang='lat' dir='ltr'>horrescunt</span> <span class='ocrx_word' id='word_1_218' title='bbox 1339 2304 1373 2328; x_wconf 86' lang='lat' dir='ltr'>et</span> <span class='ocrx_word' id='word_1_219' title='bbox 1394 2297 1541 2339; x_wconf 86' lang='lat' dir='ltr'>Stygiae</span> <span class='ocrx_word' id='word_1_220' title='bbox 1563 2299 1745 2330; x_wconf 85' lang='lat' dir='ltr'>tenebrae.</span> 
     </span>
    </p>
   </div>
   <div class='ocr_carea' id='block_1_4' title="bbox 406 2427 2201 3208">
    <p class='ocr_par' dir='ltr' id='par_1_9' title="bbox 406 2427 2201 3136">
     <span class='ocr_line' id='line_1_30' title="bbox 553 2427 2201 2490; baseline 0.001 -18"><span class='ocrx_word' id='word_1_221' title='bbox 553 2428 653 2473; x_wconf 85' lang='lat' dir='ltr'>Rex</span> <span class='ocrx_word' id='word_1_222' title='bbox 683 2427 795 2472; x_wconf 90' lang='lat' dir='ltr'>olim</span> <span class='ocrx_word' id='word_1_223' title='bbox 832 2427 997 2472; x_wconf 89' lang='lat' dir='ltr'>beatus</span> <span class='ocrx_word' id='word_1_224' title='bbox 1031 2427 1188 2472; x_wconf 88' lang='lat' dir='ltr'>adfatu</span> <span class='ocrx_word' id='word_1_225' title='bbox 1223 2441 1408 2473; x_wconf 90' lang='lat' dir='ltr'>sanctae</span> <span class='ocrx_word' id='word_1_226' title='bbox 1436 2429 1788 2474; x_wconf 90' lang='lat' dir='ltr'>uaticinationis</span> <span class='ocrx_word' id='word_1_227' title='bbox 1818 2442 2007 2489; x_wconf 91' lang='lat' dir='ltr'>accepto</span> <span class='ocrx_word' id='word_1_228' title='bbox 2034 2430 2201 2490; x_wconf 87' lang='lat' dir='ltr'>pigens</span> 
     </span>
     <span class='ocr_line' id='line_1_31' title="bbox 406 2500 2201 2561; baseline 0.001 -17"><span class='ocrx_word' id='word_1_229' title='bbox 406 2500 646 2559; x_wconf 88' lang='lat' dir='ltr'>tristisque</span> <span class='ocrx_word' id='word_1_230' title='bbox 692 2512 814 2544; x_wconf 93' lang='lat' dir='ltr'>retro</span> <span class='ocrx_word' id='word_1_231' title='bbox 858 2500 1055 2544; x_wconf 91' lang='lat' dir='ltr'>domum</span> <span class='ocrx_word' id='word_1_232' title='bbox 1098 2500 1249 2560; x_wconf 90' lang='lat' dir='ltr'>pergit</span> <span class='ocrx_word' id='word_1_233' title='bbox 1293 2516 1501 2560; x_wconf 92' lang='lat' dir='ltr'>suaeque</span> <span class='ocrx_word' id='word_1_234' title='bbox 1540 2501 1730 2561; x_wconf 88' lang='lat' dir='ltr'>coniugi</span> <span class='ocrx_word' id='word_1_235' title='bbox 1776 2514 2023 2561; x_wconf 90' lang='lat' dir='ltr'>praecepta</span> <span class='ocrx_word' id='word_1_236' title='bbox 2064 2502 2201 2546; x_wconf 92' lang='lat' dir='ltr'>sortis</span> 
     </span>
     <span class='ocr_line' id='line_1_32' title="bbox 407 2571 2200 2633; baseline 0.002 -17"><span class='ocrx_word' id='word_1_237' title='bbox 407 2572 578 2617; x_wconf 88' lang='lat' dir='ltr'>enodat</span> <span class='ocrx_word' id='word_1_238' title='bbox 609 2571 856 2617; x_wconf 89' lang='lat' dir='ltr'>infaustae.</span> <span class='ocrx_word' id='word_1_239' title='bbox 884 2572 1125 2617; x_wconf 88' lang='lat' dir='ltr'>Maeretur</span> <span class='ocrx_word' id='word_1_240' title='bbox 1153 2572 1291 2617; x_wconf 90' lang='lat' dir='ltr'>fletur</span> <span class='ocrx_word' id='word_1_241' title='bbox 1322 2573 1606 2618; x_wconf 87' lang='lat' dir='ltr'>lamentatur</span> <span class='ocrx_word' id='word_1_242' title='bbox 1635 2573 1803 2619; x_wconf 91' lang='lat' dir='ltr'>diebus</span> <span class='ocrx_word' id='word_1_243' title='bbox 1834 2574 2077 2633; x_wconf 69' lang='lat' dir='ltr'>plusculis</span> <span class='ocrx_word' id='word_1_244' title='bbox 2106 2574 2200 2621; x_wconf 87' lang='lat' dir='ltr'>Sed</span> 
     </span>
     <span class='ocr_line' id='line_1_33' title="bbox 407 2642 2200 2704; baseline 0.002 -17"><span class='ocrx_word' id='word_1_245' title='bbox 407 2642 537 2688; x_wconf 91' lang='lat' dir='ltr'>dirae</span> <span class='ocrx_word' id='word_1_246' title='bbox 574 2642 713 2688; x_wconf 91' lang='lat' dir='ltr'>sortis</span> <span class='ocrx_word' id='word_1_247' title='bbox 749 2643 842 2688; x_wconf 89' lang='lat' dir='ltr'>iam</span> <span class='ocrx_word' id='word_1_248' title='bbox 882 2656 1050 2703; x_wconf 90' lang='lat' dir='ltr'>urguet</span> <span class='ocrx_word' id='word_1_249' title='bbox 1084 2656 1228 2689; x_wconf 89' lang='lat' dir='ltr'>taeter</span> <span class='ocrx_word' id='word_1_250' title='bbox 1263 2644 1453 2689; x_wconf 89' lang='lat' dir='ltr'>effectus</span> <span class='ocrx_word' id='word_1_251' title='bbox 1491 2663 1499 2689; x_wconf 75' lang='grc' dir='ltr'>ε</span> <span class='ocrx_word' id='word_1_252' title='bbox 1539 2645 1631 2690; x_wconf 89' lang='lat' dir='ltr'>iam</span> <span class='ocrx_word' id='word_1_253' title='bbox 1669 2645 1885 2690; x_wconf 91' lang='lat' dir='ltr'>feralium</span> <span class='ocrx_word' id='word_1_254' title='bbox 1925 2646 2200 2704; x_wconf 90' lang='lat' dir='ltr'>nuptiarum</span> 
     </span>
     <span class='ocr_line' id='line_1_34' title="bbox 410 2714 2201 2775; baseline 0.002 -16"><span class='ocrx_word' id='word_1_255' title='bbox 410 2714 703 2760; x_wconf 90' lang='lat' dir='ltr'>miserrimae</span> <span class='ocrx_word' id='word_1_256' title='bbox 728 2715 903 2775; x_wconf 88' lang='lat' dir='ltr'>uirgini</span> <span class='ocrx_word' id='word_1_257' title='bbox 924 2716 1200 2775; x_wconf 89' lang='lat' dir='ltr'>choragium</span> <span class='ocrx_word' id='word_1_258' title='bbox 1228 2716 1440 2770; x_wconf 88' lang='lat' dir='ltr'>struitur,</span> <span class='ocrx_word' id='word_1_259' title='bbox 1464 2716 1556 2761; x_wconf 89' lang='lat' dir='ltr'>iam</span> <span class='ocrx_word' id='word_1_260' title='bbox 1581 2719 1743 2762; x_wconf 92' lang='lat' dir='ltr'>taedae</span> <span class='ocrx_word' id='word_1_261' title='bbox 1764 2718 1923 2762; x_wconf 90' lang='lat' dir='ltr'>lumen</span> <span class='ocrx_word' id='word_1_262' title='bbox 1950 2731 2074 2762; x_wconf 91' lang='lat' dir='ltr'>atrae</span> <span class='ocrx_word' id='word_1_263' title='bbox 2100 2718 2201 2761; x_wconf 90' lang='lat' dir='ltr'>fuli-</span> 
     </span>
     <span class='ocr_line' id='line_1_35' title="bbox 407 2785 2199 2847; baseline 0.001 -16"><span class='ocrx_word' id='word_1_264' title='bbox 407 2785 531 2845; x_wconf 89' lang='lat' dir='ltr'>ginis</span> <span class='ocrx_word' id='word_1_265' title='bbox 553 2786 710 2831; x_wconf 90' lang='lat' dir='ltr'>cinere</span> <span class='ocrx_word' id='word_1_266' title='bbox 737 2787 996 2843; x_wconf 88' lang='lat' dir='ltr'>marcescit,</span> <span class='ocrx_word' id='word_1_267' title='bbox 1023 2800 1067 2832; x_wconf 94' lang='lat' dir='ltr'>et</span> <span class='ocrx_word' id='word_1_268' title='bbox 1091 2803 1237 2832; x_wconf 89' lang='lat' dir='ltr'>sonus</span> <span class='ocrx_word' id='word_1_269' title='bbox 1261 2787 1403 2832; x_wconf 91' lang='lat' dir='ltr'>tibiae</span> <span class='ocrx_word' id='word_1_270' title='bbox 1434 2788 1595 2847; x_wconf 84' lang='lat' dir='ltr'>zygiae</span> <span class='ocrx_word' id='word_1_271' title='bbox 1627 2801 1837 2834; x_wconf 89' lang='lat' dir='ltr'>mutatur</span> <span class='ocrx_word' id='word_1_272' title='bbox 1869 2789 1913 2833; x_wconf 90' lang='lat' dir='ltr'>in</span> <span class='ocrx_word' id='word_1_273' title='bbox 1947 2789 2199 2847; x_wconf 90' lang='lat' dir='ltr'>querulum</span> 
     </span>
     <span class='ocr_line' id='line_1_36' title="bbox 410 2858 2201 2920; baseline 0.002 -17"><span class='ocrx_word' id='word_1_274' title='bbox 410 2858 619 2904; x_wconf 89' lang='lat' dir='ltr'>Ludium</span> <span class='ocrx_word' id='word_1_275' title='bbox 646 2859 841 2904; x_wconf 91' lang='lat' dir='ltr'>modum</span> <span class='ocrx_word' id='word_1_276' title='bbox 866 2871 1127 2919; x_wconf 89' lang='lat' dir='ltr'>cantusque</span> <span class='ocrx_word' id='word_1_277' title='bbox 1147 2859 1295 2905; x_wconf 89' lang='lat' dir='ltr'>laetus</span> <span class='ocrx_word' id='word_1_278' title='bbox 1320 2859 1574 2920; x_wconf 88' lang='lat' dir='ltr'>hymenaei</span> <span class='ocrx_word' id='word_1_279' title='bbox 1600 2861 1789 2920; x_wconf 88' lang='lat' dir='ltr'>lugubri</span> <span class='ocrx_word' id='word_1_280' title='bbox 1818 2860 1980 2906; x_wconf 89' lang='lat' dir='ltr'>finitur</span> <span class='ocrx_word' id='word_1_281' title='bbox 1999 2861 2201 2915; x_wconf 90' lang='lat' dir='ltr'>ululatu,</span> 
     </span>
     <span class='ocr_line' id='line_1_37' title="bbox 408 2931 2201 2992; baseline 0.002 -17"><span class='ocrx_word' id='word_1_282' title='bbox 408 2942 452 2975; x_wconf 94' lang='lat' dir='ltr'>et</span> <span class='ocrx_word' id='word_1_283' title='bbox 476 2931 631 2990; x_wconf 90' lang='lat' dir='ltr'>puella</span> <span class='ocrx_word' id='word_1_284' title='bbox 658 2943 863 2990; x_wconf 89' lang='lat' dir='ltr'>nuptura</span> <span class='ocrx_word' id='word_1_285' title='bbox 887 2932 1095 2992; x_wconf 87' lang='lat' dir='ltr'>deterget</span> <span class='ocrx_word' id='word_1_286' title='bbox 1120 2932 1335 2977; x_wconf 90' lang='lat' dir='ltr'>lacrimas</span> <span class='ocrx_word' id='word_1_287' title='bbox 1366 2932 1469 2991; x_wconf 90' lang='lat' dir='ltr'>ipso</span> <span class='ocrx_word' id='word_1_288' title='bbox 1500 2948 1586 2977; x_wconf 91' lang='lat' dir='ltr'>suo</span> <span class='ocrx_word' id='word_1_289' title='bbox 1617 2932 1857 2978; x_wconf 91' lang='lat' dir='ltr'>flammeo.</span> <span class='ocrx_word' id='word_1_290' title='bbox 1886 2933 1964 2980; x_wconf 88' lang='lat' dir='ltr'>Sic</span> <span class='ocrx_word' id='word_1_291' title='bbox 1997 2933 2201 2978; x_wconf 90' lang='lat' dir='ltr'>adfectae</span> 
     </span>
     <span class='ocr_line' id='line_1_38' title="bbox 408 3002 2201 3065; baseline 0.002 -19"><span class='ocrx_word' id='word_1_292' title='bbox 408 3003 580 3047; x_wconf 90' lang='lat' dir='ltr'>domus</span> <span class='ocrx_word' id='word_1_293' title='bbox 624 3002 753 3048; x_wconf 90' lang='lat' dir='ltr'>triste</span> <span class='ocrx_word' id='word_1_294' title='bbox 798 3002 947 3048; x_wconf 88' lang='lat' dir='ltr'>fatum</span> <span class='ocrx_word' id='word_1_295' title='bbox 992 3016 1158 3049; x_wconf 89' lang='lat' dir='ltr'>cuncta</span> <span class='ocrx_word' id='word_1_296' title='bbox 1205 3004 1343 3049; x_wconf 91' lang='lat' dir='ltr'>etiam</span> <span class='ocrx_word' id='word_1_297' title='bbox 1396 3003 1563 3049; x_wconf 91' lang='lat' dir='ltr'>ciuitas</span> <span class='ocrx_word' id='word_1_298' title='bbox 1608 3005 1936 3065; x_wconf 83' lang='lat' dir='ltr'>congemebat,</span> <span class='ocrx_word' id='word_1_299' title='bbox 1980 3006 2201 3064; x_wconf 91' lang='lat' dir='ltr'>luctuque</span> 
     </span>
     <span class='ocr_line' id='line_1_39' title="bbox 410 3074 1660 3136; baseline 0.002 -17"><span class='ocrx_word' id='word_1_300' title='bbox 410 3074 601 3133; x_wconf 90' lang='lat' dir='ltr'>publico</span> <span class='ocrx_word' id='word_1_301' title='bbox 624 3075 873 3121; x_wconf 90' lang='lat' dir='ltr'>confestim</span> <span class='ocrx_word' id='word_1_302' title='bbox 898 3091 1166 3136; x_wconf 90' lang='lat' dir='ltr'>congruens</span> <span class='ocrx_word' id='word_1_303' title='bbox 1190 3076 1388 3122; x_wconf 91' lang='lat' dir='ltr'>edicitur</span> <span class='ocrx_word' id='word_1_304' title='bbox 1412 3076 1660 3122; x_wconf 89' lang='lat' dir='ltr'>iustitium.</span> 
     </span>
    </p>

    <p class='ocr_par' dir='ltr' id='par_1_10' title="bbox 557 3148 2199 3208">
     <span class='ocr_line' id='line_1_40' title="bbox 557 3148 2199 3208; baseline 0.001 -15"><span class='ocrx_word' id='word_1_305' title='bbox 557 3148 616 3205; x_wconf 73' lang='lat'>34</span> <span class='ocrx_word' id='word_1_306' title='bbox 649 3148 742 3195; x_wconf 87' lang='lat' dir='ltr'>Sed</span> <span class='ocrx_word' id='word_1_307' title='bbox 799 3149 991 3194; x_wconf 91' lang='lat' dir='ltr'>monitis</span> <span class='ocrx_word' id='word_1_308' title='bbox 1055 3149 1334 3194; x_wconf 90' lang='lat' dir='ltr'>caelestibus</span> <span class='ocrx_word' id='word_1_309' title='bbox 1395 3149 1589 3208; x_wconf 87' lang='lat' dir='ltr'>parendi</span> <span class='ocrx_word' id='word_1_310' title='bbox 1652 3149 1903 3194; x_wconf 85' lang='lat' dir='ltr'>necessitas</span> <span class='ocrx_word' id='word_1_311' title='bbox 1969 3150 2199 3195; x_wconf 91' lang='lat' dir='ltr'>misellam</span> 
     </span>
    </p>
   </div>
   <div class='ocr_carea' id='block_1_5' title="bbox 2250 1073 2297 1099">
    <p class='ocr_par' dir='ltr' id='par_1_11' title="bbox 2250 1073 2297 1099">
     <span class='ocr_line' id='line_1_41' title="bbox 2250 1073 2297 1099; baseline -0.043 0"><span class='ocrx_word' id='word_1_312' title='bbox 2250 1073 2256 1099; x_wconf 91' lang='lat' dir='ltr'>l</span> <span class='ocrx_word' id='word_1_313' title='bbox 2272 1073 2297 1097; x_wconf 82' lang='lat' dir='ltr'>O</span> 
     </span>
    </p>
   </div>
   <div class='ocr_carea' id='block_1_6' title="bbox 2249 1420 2296 1461">
    <p class='ocr_par' dir='ltr' id='par_1_12' title="bbox 2249 1420 2296 1461">
     <span class='ocr_line' id='line_1_42' title="bbox 2249 1420 2296 1461; baseline 0 0"><span class='ocrx_word' id='word_1_314' title='bbox 2249 1420 2296 1461; x_wconf 75' lang='lat'>15</span> 
     </span>
    </p>
   </div>
   <div class='ocr_carea' id='block_1_7' title="bbox 2244 2508 2300 2551">
    <p class='ocr_par' dir='ltr' id='par_1_13' title="bbox 2244 2508 2300 2551">
     <span class='ocr_line' id='line_1_43' title="bbox 2244 2508 2300 2551; baseline -0.018 0"><span class='ocrx_word' id='word_1_315' title='bbox 2244 2508 2266 2551; x_wconf 65' lang='lat'>‘3</span> <span class='ocrx_word' id='word_1_316' title='bbox 2275 2524 2300 2550; x_wconf 89' lang='lat' dir='ltr'>o</span> 
     </span>
    </p>
   </div>
  </div>
 </body>
</html>
