2680 3690
1161 305 1462 352 „19-

413 427 521 472 ‘Per
541 439 627 486 ego
648 436 691 470 te
716 424 989 485 frugiferam
1023 435 1154 469 tuam
1184 425 1424 469 dexteram
1451 424 1588 469 istam
1611 426 1855 484 deprecor,
1879 438 1962 484 per
1988 424 2209 469 laetificas

415 497 648 543 messium
671 496 1002 551 caerimoniaS,
1024 510 1107 557 pei·
1129 496 1265 540 tacita
1290 507 1465 541 secreta
1490 496 1716 541 cistarum
1740 508 1783 540 et
1808 510 1890 556 per
1914 496 2206 540 famulorum

414 583 610 615 tuorum
634 570 899 614 draconum
924 569 1118 628 pinnata
1142 568 1376 613 curricula
1401 580 1444 613 et
1467 569 1630 629 glebae
1661 568 1848 615 Siculae
1877 568 2141 612 sulcamina
2167 580 2210 610 et

415 657 611 687 currum
642 656 861 700 rapacem
892 653 934 684 et
968 653 1143 684 terram
1178 652 1392 683 tenacem
1429 652 1472 683 et
1505 641 1856 684 inluminarum
1893 633 2210 699 Proserpinae

417 713 696 774 nuptiarum
714 712 991 759 demeacula
1010 723 1054 757 et
1074 711 1423 757 luminosarum
1440 711 1563 758 filiae
1583 711 1922 757 inuentionum
1943 711 2211 757 remeacula

415 798 459 832 et
482 798 633 832 cetera
652 800 773 845 quae
798 784 986 831 silentio
1005 784 1117 845 tegit
1143 783 1382 830 Eleusinis
1406 783 1586 830 Atticae
1612 783 1891 840 sacrarium,
1914 783 2210 829 miserandae

417 858 627 920 Psyches
670 858 876 913 animae,
919 856 1147 917 supplicis
1191 868 1316 912 tuae,
1359 856 1577 902 subsiste.
1623 856 1751 902 Inter
1791 856 1929 902 istam
1971 856 2209 916 spicarum

415 930 689 991 congeriem
712 942 870 991 patere
904 929 979 975 uel
1006 929 1235 989 pauculos
1268 928 1370 974 dies
1404 929 1696 985 delitescam,
1722 929 1879 988 quoad
1916 930 2031 974 deae
2056 940 2212 973 tantae

417 1001 637 1047 saeuiens
662 1001 729 1046 ira
754 1001 905 1060 spatio
929 1000 1159 1060 temporis
1188 1000 1432 1060 mitigetur
1455 1001 1531 1045 uel
1557 1012 1678 1045 certe
1710 1015 1842 1045 meae
1874 1000 2001 1045 uires
2024 1000 2212 1044 diutino

417 1073 577 1119 labore
602 1072 749 1118 fessae
772 1071 947 1132 quietis
973 1071 1224 1117 interuallo
1250 1071 1497 1117 leuentur'.

563 1145 586 1190 3
623 1144 834 1204 Suscipit
862 1145 1006 1191 Ceres
1034 1162 1042 1189 :
1072 1143 1208 1189 ‘Tuis
1237 1143 1434 1202 quidem
1466 1143 1731 1189 lacrimosis
1763 1143 1984 1202 precibus
2016 1155 2058 1187 et
2088 1157 2212 1187 com-

417 1234 619 1264 moueor
636 1230 680 1264 et
698 1216 920 1277 opitulari
941 1216 1100 1277 cupio,
1122 1216 1202 1262 sed
1222 1228 1446 1277 cognatae
1466 1232 1618 1272 meae,
1639 1232 1751 1262 cum
1770 1232 1862 1275 qua
1883 1215 2027 1261 etiam
2047 1214 2214 1261 foedus

418 1289 672 1350 antiquum
696 1288 930 1334 amicitiae
954 1290 1074 1344 colo,
1103 1289 1253 1334 bonae
1279 1301 1518 1348 praeterea
1549 1288 1777 1345 feminae,
1806 1289 1983 1332 malam
2013 1288 2212 1348 gratiam

418 1362 578 1407 subire
599 1377 801 1422 nequeo.
831 1362 1014 1407 Decede
1040 1361 1196 1421 itaque
1222 1361 1278 1405 de
1304 1361 1403 1405 istis
1423 1361 1622 1406 aedibus
1641 1360 1862 1420 protinus
1882 1373 1926 1405 et
1945 1361 2073 1419 quod
2096 1375 2120 1404 a
2140 1375 2215 1404 me

419 1446 599 1480 retenta
622 1434 952 1493 custoditaque
976 1448 1069 1478 non
1096 1433 1241 1478 fueris
1271 1432 1438 1493 optimi
1464 1433 1688 1478 consule'.
1717 1433 1894 1479 Contra
1920 1448 2054 1492 spem
2079 1447 2213 1477 suam

420 1506 608 1567 repulsa
633 1506 817 1566 Psyche
842 1517 885 1550 et
908 1505 1073 1551 afflicta
1098 1505 1277 1566 duplici
1303 1506 1555 1562 maestitia,
1577 1506 1663 1551 iter
1683 1517 1945 1551 retrorsum
1969 1505 2217 1566 porrigens

421 1578 541 1623 inter
565 1578 772 1623 subsitae
797 1577 1028 1622 conuallis
1064 1577 1371 1622 sublucidum
1395 1578 1558 1623 lucum
1584 1577 1812 1638 prospicit
1841 1577 2009 1622 fanum
2040 1577 2216 1622 sollerti

420 1649 595 1694 fabrica
620 1660 870 1704 structum,
897 1664 981 1693 nec
1006 1650 1154 1693 ullam
1184 1649 1260 1693 uel
1284 1649 1484 1693 dubiam
1515 1650 1613 1709 spei
1647 1649 1858 1693 melioris
1889 1650 2020 1693 uiam
2051 1650 2218 1693 uolens

419 1721 636 1766 omittere
661 1722 742 1766 sed
768 1720 897 1766 adire
922 1721 1267 1781 cuiuscumque
1292 1720 1366 1766 dei
1393 1721 1608 1777 ueniam,
1635 1721 1827 1766 sacratis
1852 1721 2035 1766 foribus
2067 1720 2217 1781 proxi-

422 1805 533 1837 mat.
560 1793 701 1837 Videt
734 1794 859 1837 dona
884 1793 1087 1852 pretiosa
1112 1808 1162 1836 ac
1187 1792 1382 1836 lacinias
1406 1808 1524 1837 auro
1549 1794 1775 1837 litteratas
1811 1793 1956 1837 ramis
1990 1793 2216 1836 arborum
2262 1817 2267 1824 ·

421 1865 734 1926 postibusque
758 1864 962 1921 suffixas,
989 1880 1110 1925 quae
1135 1879 1245 1908 cum
1269 1865 1417 1925 gratia
1443 1865 1546 1909 facti
1583 1880 1757 1909 nomen
1784 1866 1897 1909 deae
1922 1865 1995 1908 cui
2031 1864 2220 1908 fuerant

420 1938 571 1982 dicata
609 1938 918 1982 testabantur.
956 1939 1094 1982 Tunc
1133 1951 1257 1999 genu
1299 1937 1407 1981 nixa
1451 1950 1494 1982 et
1538 1938 1764 1982 manibus
1804 1952 1934 1982 aram
1980 1949 2218 1998 tepentem

422 2012 639 2070 amplexa
662 2011 858 2055 detersis
883 2022 989 2054 ante
1014 2010 1222 2054 lacrimis
1247 2010 1312 2053 sic
1336 2012 1622 2069 adprecatur
1649 2028 1658 2054 ε

565 2104 596 2146 4
625 2088 804 2149 ‘Magni
832 2088 962 2133 Iouis
1000 2103 1224 2149 germana
1250 2099 1293 2132 et
1316 2088 1538 2149 coniuga,
1565 2088 1666 2133 siue
1707 2100 1755 2133 tu
1790 2088 1941 2143 Sami,
1969 2104 2089 2147 quae
2122 2089 2219 2132 sola

423 2171 559 2220 partu
595 2161 854 2220 uagituque
879 2173 923 2205 et
956 2160 1183 2204 alimonia
1217 2172 1297 2204 tua
1330 2161 1578 2219 gloriatur,
1605 2174 1736 2205 tenes
1770 2172 1954 2205 uetusta
1990 2161 2218 2214 delubra:‚

423 2232 524 2277 siue
548 2233 696 2277 celsae
721 2232 1042 2292 Carthaginis,
1069 2247 1189 2291 quae
1214 2244 1257 2276 te
1282 2232 1522 2292 uirginem
1547 2246 1741 2278 uectura
1770 2234 1920 2277 leonis
1943 2233 2072 2277 caelo
2096 2248 2220 2277 com-

424 2316 664 2349 meantem
688 2304 901 2364 percolit‚
929 2304 1086 2349 beatas
1111 2303 1245 2348 sedes
1269 2302 1569 2363 frequenta33
1596 2305 1698 2349 siue
1719 2321 1866 2364 prope
1888 2305 2014 2365 ripas
2035 2304 2219 2360 Inachi,

424 2377 505 2436 qui
530 2389 573 2422 te
599 2377 694 2421 iam
719 2389 918 2437 nuptam
948 2376 1182 2421 Tonantis
1213 2389 1257 2421 et
1288 2376 1505 2436 reginam
1536 2378 1737 2423 dearum
1772 2390 2023 2432 memorat,
2051 2378 2223 2422 inclitis

423 2449 719 2509 Argiuorum
763 2449 1004 2509 praesides
1048 2447 1329 2504 moenibusz,
1385 2465 1533 2508 quam
1577 2462 1776 2495 cunctus
1822 2450 1981 2495 oriens
2024 2450 2222 2510 Zygiam

426 2533 682 2567 ueneratur
711 2533 754 2566 et
778 2521 937 2566 omnis
970 2520 1188 2566 occidens
1220 2520 1455 2566 Lucinam
1491 2522 1697 2582 appellat
1725 2540 1732 2567 :
1762 2522 1824 2567 sis
1860 2522 1979 2567 meis
2003 2522 2224 2568 extremis
2266 2526 2279 2567 ζ

425 2594 613 2639 casibus
638 2595 760 2640 Iuno
786 2594 975 2654 Sospita
1001 2607 1172 2653 meque
1197 2593 1244 2637 in
1270 2594 1412 2638 tantis
1436 2595 1684 2639 exantlatis
1715 2595 1960 2639 laboribus
1990 2595 2221 2639 defessam

427 2666 725 2711 imminentis
750 2667 946 2726 periculi
980 2678 1107 2710 metu
1144 2666 1306 2709 libera.
1345 2666 1494 2724 Quod
1529 2667 1693 2722 sciam,
1731 2668 1853 2711 soles
1887 2667 2225 2726 praegnatibus

427 2738 805 2797 periclitantibus
825 2739 947 2783 ultro
967 2737 1251 2782 subuenire'.
1272 2738 1347 2782 Ad
1369 2738 1515 2782 istum
1538 2739 1739 2783 modum
1759 2739 2046 2798 supplicanti
2067 2739 2222 2783 statim

427 2824 526 2854 sese
559 2810 683 2855 Iuno
712 2825 823 2855 cum
857 2810 999 2854 totius
1034 2809 1105 2854 sui
1143 2808 1358 2853 numinis
1392 2822 1593 2870 augusta
1628 2810 1854 2871 dignitate
1891 2823 2159 2871 praesentat
2183 2824 2226 2855 et

427 2881 647 2941 protinus
674 2899 682 2926 :
712 2884 874 2942 ‘quam
905 2882 1092 2926 uellem'
1115 2880 1271 2940 inquit
1297 2882 1397 2941 ‘per
1419 2882 1582 2937 fidem,
1610 2894 1782 2926 nutum
1815 2897 1979 2926 meum
2005 2883 2225 2942 precibus

427 2953 520 2998 tuis
545 2954 931 2999 accommodare!
971 2953 1063 3001 Sed
1100 2963 1262 2997 contra
1298 2953 1600 2998 uoluntatem
1623 2954 1843 3009 Veneris,
1884 2970 2035 2999 nurus
2073 2969 2223 3007 meae,

428 3039 575 3084 quam
598 3025 720 3071 filiae
746 3040 934 3086 semper
957 3025 1095 3071 dilexi
1122 3026 1243 3080 loc0,
1270 3035 1505 3084 praestare
1530 3040 1607 3070 me
1633 3027 1788 3085 pudor
1812 3041 1907 3070 non
1935 3027 2063 3071 sinit.
2086 3028 2225 3071 Tunc

427 3096 572 3142 etiam
595 3098 797 3158 legibus,
824 3113 945 3157 quae
981 3113 1145 3142 seruos
1168 3097 1350 3141 alienos
1375 3097 1596 3157 perfugas
1627 3098 1792 3142 inuitis
1822 3098 2033 3142 dominis
2063 3110 2226 3142 uetant

430 3170 625 3229 suscipi,
653 3170 940 3230 prohibeor'.

2265 1095 2270 1121 l
2287 1094 2312 1121 O

2267 1440 2313 1483 15

2268 2885 2322 2928 35
