<?xml version="1.0" encoding="UTF-8"?>
<!DOCTYPE html PUBLIC "-//W3C//DTD XHTML 1.0 Transitional//EN"
    "http://www.w3.org/TR/xhtml1/DTD/xhtml1-transitional.dtd">
<html xmlns="http://www.w3.org/1999/xhtml" xml:lang="en" lang="en">
 <head>
  <title>
</title>
<meta http-equiv="Content-Type" content="text/html;charset=utf-8" />
  <meta name='ocr-system' content='tesseract 3.04.00' />
  <meta name='ocr-capabilities' content='ocr_page ocr_carea ocr_par ocr_line ocrx_word'/>
</head>
<body>
  <div class='ocr_page' id='page_1' title='image "4777080_0037.png"; bbox 0 0 2680 3690; ppageno 0'>
   <div class='ocr_carea' id='block_1_1' title="bbox 1179 264 1482 310">
    <p class='ocr_par' dir='ltr' id='par_1_1' title="bbox 1179 264 1482 310">
     <span class='ocr_line' id='line_1_1' title="bbox 1179 264 1482 310; baseline -0.007 -10"><span class='ocrx_word' id='word_1_1' title='bbox 1179 264 1482 310; x_wconf 75' lang='lat'><strong>—23-</strong></span> 
     </span>
    </p>
   </div>
   <div class='ocr_carea' id='block_1_2' title="bbox 444 396 2236 959">
    <p class='ocr_par' dir='ltr' id='par_1_2' title="bbox 444 396 2236 959">
     <span class='ocr_line' id='line_1_2' title="bbox 444 396 2235 457; baseline -0.003 -14"><span class='ocrx_word' id='word_1_2' title='bbox 444 397 645 452; x_wconf 69' lang='lat' dir='ltr'>aditum,</span> <span class='ocrx_word' id='word_1_3' title='bbox 672 412 767 457; x_wconf 89' lang='lat' dir='ltr'>quo</span> <span class='ocrx_word' id='word_1_4' title='bbox 791 397 847 441; x_wconf 91' lang='lat' dir='ltr'>de</span> <span class='ocrx_word' id='word_1_5' title='bbox 873 396 984 442; x_wconf 90' lang='lat' dir='ltr'>solis</span> <span class='ocrx_word' id='word_1_6' title='bbox 1009 396 1256 457; x_wconf 80' lang='lat' dir='ltr'>fraglantia</span> <span class='ocrx_word' id='word_1_7' title='bbox 1283 408 1521 441; x_wconf 82' lang='lat' dir='ltr'>mutuatae</span> <span class='ocrx_word' id='word_1_8' title='bbox 1546 397 1749 440; x_wconf 87' lang='lat' dir='ltr'>calorem</span> <span class='ocrx_word' id='word_1_9' title='bbox 1775 396 1890 440; x_wconf 90' lang='lat' dir='ltr'>truci</span> <span class='ocrx_word' id='word_1_10' title='bbox 1925 396 2052 439; x_wconf 85' lang='lat' dir='ltr'>rabie</span> <span class='ocrx_word' id='word_1_11' title='bbox 2084 397 2235 439; x_wconf 86' lang='lat' dir='ltr'>solent</span> 
     </span>
     <span class='ocr_line' id='line_1_3' title="bbox 445 468 2236 529; baseline -0.002 -15"><span class='ocrx_word' id='word_1_12' title='bbox 445 469 599 515; x_wconf 87' lang='lat' dir='ltr'>efferri</span> <span class='ocrx_word' id='word_1_13' title='bbox 629 484 873 529; x_wconf 87' lang='lat' dir='ltr'>cornuque</span> <span class='ocrx_word' id='word_1_14' title='bbox 908 482 1044 514; x_wconf 93' lang='lat' dir='ltr'>acuto</span> <span class='ocrx_word' id='word_1_15' title='bbox 1079 482 1122 514; x_wconf 92' lang='lat' dir='ltr'>et</span> <span class='ocrx_word' id='word_1_16' title='bbox 1155 469 1306 514; x_wconf 89' lang='lat' dir='ltr'>fronte</span> <span class='ocrx_word' id='word_1_17' title='bbox 1343 484 1476 514; x_wconf 88' lang='lat' dir='ltr'>saxea</span> <span class='ocrx_word' id='word_1_18' title='bbox 1516 481 1560 513; x_wconf 91' lang='lat' dir='ltr'>et</span> <span class='ocrx_word' id='word_1_19' title='bbox 1599 483 1949 528; x_wconf 83' lang='lat' dir='ltr'>nonnunquam</span> <span class='ocrx_word' id='word_1_20' title='bbox 1990 468 2236 512; x_wconf 83' lang='lat' dir='ltr'>uenenatis</span> 
     </span>
     <span class='ocr_line' id='line_1_4' title="bbox 446 540 2235 596; baseline -0.002 -10"><span class='ocrx_word' id='word_1_21' title='bbox 446 541 683 587; x_wconf 83' lang='lat' dir='ltr'>morsibus</span> <span class='ocrx_word' id='word_1_22' title='bbox 721 541 767 586; x_wconf 94' lang='lat' dir='ltr'>in</span> <span class='ocrx_word' id='word_1_23' title='bbox 805 542 998 586; x_wconf 89' lang='lat' dir='ltr'>exitium</span> <span class='ocrx_word' id='word_1_24' title='bbox 1037 542 1218 586; x_wconf 90' lang='lat' dir='ltr'>saeuire</span> <span class='ocrx_word' id='word_1_25' title='bbox 1255 541 1553 596; x_wconf 79' lang='lat' dir='ltr'>mortalium3</span> <span class='ocrx_word' id='word_1_26' title='bbox 1595 541 1675 585; x_wconf 93' lang='lat' dir='ltr'>sed</span> <span class='ocrx_word' id='word_1_27' title='bbox 1711 541 1824 585; x_wconf 91' lang='lat' dir='ltr'>dum</span> <span class='ocrx_word' id='word_1_28' title='bbox 1862 541 2083 584; x_wconf 86' lang='lat' dir='ltr'>meridies</span> <span class='ocrx_word' id='word_1_29' title='bbox 2124 540 2235 583; x_wconf 90' lang='lat' dir='ltr'>solis</span> 
     </span>
     <span class='ocr_line' id='line_1_5' title="bbox 444 612 2235 673; baseline -0.002 -15"><span class='ocrx_word' id='word_1_30' title='bbox 444 613 680 658; x_wconf 89' lang='lat' dir='ltr'>sedauerit</span> <span class='ocrx_word' id='word_1_31' title='bbox 719 628 945 673; x_wconf 89' lang='lat' dir='ltr'>uaporem</span> <span class='ocrx_word' id='word_1_32' title='bbox 986 625 1029 658; x_wconf 90' lang='lat' dir='ltr'>et</span> <span class='ocrx_word' id='word_1_33' title='bbox 1069 629 1215 673; x_wconf 85' lang='lat' dir='ltr'>pecua</span> <span class='ocrx_word' id='word_1_34' title='bbox 1253 614 1446 673; x_wconf 91' lang='lat' dir='ltr'>spiritus</span> <span class='ocrx_word' id='word_1_35' title='bbox 1482 613 1690 657; x_wconf 91' lang='lat' dir='ltr'>fluuialis</span> <span class='ocrx_word' id='word_1_36' title='bbox 1726 612 1975 657; x_wconf 85' lang='lat' dir='ltr'>serenitate</span> <span class='ocrx_word' id='word_1_37' title='bbox 2010 612 2235 670; x_wconf 90' lang='lat' dir='ltr'>conquie-</span> 
     </span>
     <span class='ocr_line' id='line_1_6' title="bbox 446 684 2234 744; baseline -0.002 -15"><span class='ocrx_word' id='word_1_38' title='bbox 446 685 618 739; x_wconf 73' lang='lat' dir='ltr'>nerim,</span> <span class='ocrx_word' id='word_1_39' title='bbox 657 684 833 744; x_wconf 90' lang='lat' dir='ltr'>poteris</span> <span class='ocrx_word' id='word_1_40' title='bbox 869 684 958 728; x_wconf 92' lang='lat' dir='ltr'>sub</span> <span class='ocrx_word' id='word_1_41' title='bbox 995 684 1071 728; x_wconf 89' lang='lat' dir='ltr'>illa</span> <span class='ocrx_word' id='word_1_42' title='bbox 1109 684 1439 743; x_wconf 86' lang='lat' dir='ltr'>procerissima</span> <span class='ocrx_word' id='word_1_43' title='bbox 1477 686 1684 744; x_wconf 78' lang='lat' dir='ltr'>platano,</span> <span class='ocrx_word' id='word_1_44' title='bbox 1718 699 1838 743; x_wconf 91' lang='lat' dir='ltr'>quae</span> <span class='ocrx_word' id='word_1_45' title='bbox 1875 699 2060 727; x_wconf 89' lang='lat' dir='ltr'>mecum</span> <span class='ocrx_word' id='word_1_46' title='bbox 2093 684 2234 726; x_wconf 90' lang='lat' dir='ltr'>simul</span> 
     </span>
     <span class='ocr_line' id='line_1_7' title="bbox 446 755 2234 814; baseline -0.002 -14"><span class='ocrx_word' id='word_1_47' title='bbox 446 771 594 801; x_wconf 91' lang='lat' dir='ltr'>unum</span> <span class='ocrx_word' id='word_1_48' title='bbox 621 756 852 800; x_wconf 88' lang='lat' dir='ltr'>fluentum</span> <span class='ocrx_word' id='word_1_49' title='bbox 879 756 1015 810; x_wconf 79' lang='lat' dir='ltr'>bibit,</span> <span class='ocrx_word' id='word_1_50' title='bbox 1044 757 1238 801; x_wconf 90' lang='lat' dir='ltr'>latenter</span> <span class='ocrx_word' id='word_1_51' title='bbox 1262 757 1567 809; x_wconf 66' lang='lat' dir='ltr'>abscondere„</span> <span class='ocrx_word' id='word_1_52' title='bbox 1589 768 1632 800; x_wconf 93' lang='lat' dir='ltr'>et</span> <span class='ocrx_word' id='word_1_53' title='bbox 1655 771 1764 800; x_wconf 91' lang='lat' dir='ltr'>cum</span> <span class='ocrx_word' id='word_1_54' title='bbox 1787 756 1996 814; x_wconf 89' lang='lat' dir='ltr'>primum</span> <span class='ocrx_word' id='word_1_55' title='bbox 2025 755 2234 814; x_wconf 89' lang='lat' dir='ltr'>mitigata</span> 
     </span>
     <span class='ocr_line' id='line_1_8' title="bbox 445 826 2235 887; baseline -0.001 -16"><span class='ocrx_word' id='word_1_56' title='bbox 445 827 566 871; x_wconf 89' lang='lat' dir='ltr'>furia</span> <span class='ocrx_word' id='word_1_57' title='bbox 598 827 860 872; x_wconf 86' lang='lat' dir='ltr'>laxauerint</span> <span class='ocrx_word' id='word_1_58' title='bbox 883 843 998 872; x_wconf 91' lang='lat' dir='ltr'>oues</span> <span class='ocrx_word' id='word_1_59' title='bbox 1028 829 1262 882; x_wconf 66' lang='lat' dir='ltr'>animum,</span> <span class='ocrx_word' id='word_1_60' title='bbox 1289 828 1522 887; x_wconf 85' lang='lat' dir='ltr'>percussis</span> <span class='ocrx_word' id='word_1_61' title='bbox 1553 828 1803 871; x_wconf 88' lang='lat' dir='ltr'>frondibus</span> <span class='ocrx_word' id='word_1_62' title='bbox 1833 826 1997 885; x_wconf 89' lang='lat' dir='ltr'>attigui</span> <span class='ocrx_word' id='word_1_63' title='bbox 2026 827 2235 869; x_wconf 90' lang='lat' dir='ltr'>nemoris</span> 
     </span>
     <span class='ocr_line' id='line_1_9' title="bbox 445 897 2230 959; baseline -0.001 -17"><span class='ocrx_word' id='word_1_64' title='bbox 445 899 661 943; x_wconf 85' lang='lat' dir='ltr'>lanosum</span> <span class='ocrx_word' id='word_1_65' title='bbox 674 914 842 944; x_wconf 90' lang='lat' dir='ltr'>aurum</span> <span class='ocrx_word' id='word_1_66' title='bbox 860 900 1255 959; x_wconf 73' lang='lat' dir='ltr'>repperieS‚quod</span> <span class='ocrx_word' id='word_1_67' title='bbox 1267 899 1444 959; x_wconf 88' lang='lat' dir='ltr'>passim</span> <span class='ocrx_word' id='word_1_68' title='bbox 1461 900 1689 959; x_wconf 88' lang='lat' dir='ltr'>stirpibus</span> <span class='ocrx_word' id='word_1_69' title='bbox 1704 898 1894 942; x_wconf 88' lang='lat' dir='ltr'>conexis</span> <span class='ocrx_word' id='word_1_70' title='bbox 1910 897 2230 941; x_wconf 79' lang='lat' dir='ltr'>obhaerescit&#39;.</span> 
     </span>
    </p>
   </div>
   <div class='ocr_carea' id='block_1_3' title="bbox 439 975 2235 3192">
    <p class='ocr_par' dir='ltr' id='par_1_3' title="bbox 441 975 2235 1967">
     <span class='ocr_line' id='line_1_10' title="bbox 596 975 2234 1036; baseline -0.001 -16"><span class='ocrx_word' id='word_1_71' title='bbox 596 976 645 1020; x_wconf 80' lang='lat'>13</span> <span class='ocrx_word' id='word_1_72' title='bbox 683 975 760 1022; x_wconf 90' lang='lat' dir='ltr'>Sic</span> <span class='ocrx_word' id='word_1_73' title='bbox 775 978 961 1021; x_wconf 91' lang='lat' dir='ltr'>arundo</span> <span class='ocrx_word' id='word_1_74' title='bbox 976 977 1175 1035; x_wconf 87' lang='lat' dir='ltr'>simplex</span> <span class='ocrx_word' id='word_1_75' title='bbox 1192 989 1234 1021; x_wconf 89' lang='lat' dir='ltr'>et</span> <span class='ocrx_word' id='word_1_76' title='bbox 1248 977 1455 1022; x_wconf 90' lang='lat' dir='ltr'>humana</span> <span class='ocrx_word' id='word_1_77' title='bbox 1473 978 1688 1036; x_wconf 77' lang='lat' dir='ltr'>Psychen</span> <span class='ocrx_word' id='word_1_78' title='bbox 1705 976 2018 1035; x_wconf 80' lang='lat' dir='ltr'>aegerrimam</span> <span class='ocrx_word' id='word_1_79' title='bbox 2035 975 2234 1019; x_wconf 90' lang='lat' dir='ltr'>salutem</span> 
     </span>
     <span class='ocr_line' id='line_1_11' title="bbox 444 1046 2234 1107; baseline -0.002 -16"><span class='ocrx_word' id='word_1_80' title='bbox 444 1061 580 1091; x_wconf 89' lang='lat' dir='ltr'>suam</span> <span class='ocrx_word' id='word_1_81' title='bbox 605 1047 817 1092; x_wconf 90' lang='lat' dir='ltr'>docebat.</span> <span class='ocrx_word' id='word_1_82' title='bbox 847 1048 946 1092; x_wconf 92' lang='lat' dir='ltr'>Nec</span> <span class='ocrx_word' id='word_1_83' title='bbox 971 1048 1234 1092; x_wconf 89' lang='lat' dir='ltr'>auscultatu</span> <span class='ocrx_word' id='word_1_84' title='bbox 1272 1062 1365 1092; x_wconf 91' lang='lat' dir='ltr'>non</span> <span class='ocrx_word' id='word_1_85' title='bbox 1403 1048 1691 1107; x_wconf 89' lang='lat' dir='ltr'>paenitendo</span> <span class='ocrx_word' id='word_1_86' title='bbox 1725 1047 1975 1106; x_wconf 84' lang='lat' dir='ltr'>diligenter</span> <span class='ocrx_word' id='word_1_87' title='bbox 2010 1046 2234 1089; x_wconf 85' lang='lat' dir='ltr'>instructa</span> 
     </span>
     <span class='ocr_line' id='line_1_12' title="bbox 446 1117 2233 1174; baseline -0.001 -12"><span class='ocrx_word' id='word_1_88' title='bbox 446 1118 524 1162; x_wconf 90' lang='lat' dir='ltr'>illa</span> <span class='ocrx_word' id='word_1_89' title='bbox 558 1119 779 1174; x_wconf 75' lang='lat' dir='ltr'>cessauit,</span> <span class='ocrx_word' id='word_1_90' title='bbox 812 1120 892 1163; x_wconf 90' lang='lat' dir='ltr'>sed</span> <span class='ocrx_word' id='word_1_91' title='bbox 927 1119 1191 1164; x_wconf 89' lang='lat' dir='ltr'>obseruatis</span> <span class='ocrx_word' id='word_1_92' title='bbox 1215 1119 1440 1164; x_wconf 93' lang='lat' dir='ltr'>omnibus</span> <span class='ocrx_word' id='word_1_93' title='bbox 1469 1119 1699 1163; x_wconf 88' lang='lat' dir='ltr'>furatrina</span> <span class='ocrx_word' id='word_1_94' title='bbox 1730 1118 1853 1162; x_wconf 89' lang='lat' dir='ltr'>facili</span> <span class='ocrx_word' id='word_1_95' title='bbox 1887 1118 2107 1161; x_wconf 90' lang='lat' dir='ltr'>flauentis</span> <span class='ocrx_word' id='word_1_96' title='bbox 2132 1117 2233 1161; x_wconf 89' lang='lat' dir='ltr'>auri</span> 
     </span>
     <span class='ocr_line' id='line_1_13' title="bbox 444 1190 2235 1251; baseline -0.001 -17"><span class='ocrx_word' id='word_1_97' title='bbox 444 1190 643 1234; x_wconf 90' lang='lat' dir='ltr'>mollitie</span> <span class='ocrx_word' id='word_1_98' title='bbox 683 1202 962 1250; x_wconf 87' lang='lat' dir='ltr'>congestum</span> <span class='ocrx_word' id='word_1_99' title='bbox 1008 1191 1246 1251; x_wconf 87' lang='lat' dir='ltr'>gremium</span> <span class='ocrx_word' id='word_1_100' title='bbox 1285 1192 1458 1236; x_wconf 91' lang='lat' dir='ltr'>Veneri</span> <span class='ocrx_word' id='word_1_101' title='bbox 1500 1202 1722 1250; x_wconf 88' lang='lat' dir='ltr'>reportat.</span> <span class='ocrx_word' id='word_1_102' title='bbox 1770 1191 1869 1234; x_wconf 92' lang='lat' dir='ltr'>Nec</span> <span class='ocrx_word' id='word_1_103' title='bbox 1909 1202 2068 1233; x_wconf 90' lang='lat' dir='ltr'>tamen</span> <span class='ocrx_word' id='word_1_104' title='bbox 2109 1190 2235 1248; x_wconf 83' lang='lat' dir='ltr'>apud</span> 
     </span>
     <span class='ocr_line' id='line_1_14' title="bbox 443 1260 2234 1321; baseline -0.001 -16"><span class='ocrx_word' id='word_1_105' title='bbox 443 1262 689 1306; x_wconf 89' lang='lat' dir='ltr'>dominam</span> <span class='ocrx_word' id='word_1_106' title='bbox 715 1263 877 1306; x_wconf 89' lang='lat' dir='ltr'>saltem</span> <span class='ocrx_word' id='word_1_107' title='bbox 904 1262 1098 1306; x_wconf 91' lang='lat' dir='ltr'>secundi</span> <span class='ocrx_word' id='word_1_108' title='bbox 1125 1263 1299 1307; x_wconf 90' lang='lat' dir='ltr'>laboris</span> <span class='ocrx_word' id='word_1_109' title='bbox 1323 1263 1591 1321; x_wconf 89' lang='lat' dir='ltr'>periculum</span> <span class='ocrx_word' id='word_1_110' title='bbox 1616 1263 1881 1306; x_wconf 90' lang='lat' dir='ltr'>secundum</span> <span class='ocrx_word' id='word_1_111' title='bbox 1906 1260 2234 1305; x_wconf 89' lang='lat' dir='ltr'>testimonium</span> 
     </span>
     <span class='ocr_line' id='line_1_15' title="bbox 443 1331 2235 1394; baseline -0.001 -16"><span class='ocrx_word' id='word_1_112' title='bbox 443 1333 635 1389; x_wconf 76' lang='lat' dir='ltr'>meruit,</span> <span class='ocrx_word' id='word_1_113' title='bbox 656 1334 734 1378; x_wconf 91' lang='lat' dir='ltr'>sed</span> <span class='ocrx_word' id='word_1_114' title='bbox 754 1334 981 1379; x_wconf 91' lang='lat' dir='ltr'>contortis</span> <span class='ocrx_word' id='word_1_115' title='bbox 1005 1334 1270 1394; x_wconf 88' lang='lat' dir='ltr'>superciliis</span> <span class='ocrx_word' id='word_1_116' title='bbox 1295 1334 1547 1380; x_wconf 90' lang='lat' dir='ltr'>subridens</span> <span class='ocrx_word' id='word_1_117' title='bbox 1568 1348 1788 1379; x_wconf 88' lang='lat' dir='ltr'>amarum</span> <span class='ocrx_word' id='word_1_118' title='bbox 1813 1333 1877 1378; x_wconf 91' lang='lat' dir='ltr'>sic</span> <span class='ocrx_word' id='word_1_119' title='bbox 1903 1332 2058 1392; x_wconf 87' lang='lat' dir='ltr'>inquit</span> <span class='ocrx_word' id='word_1_120' title='bbox 2085 1348 2093 1377; x_wconf 90' lang='lat'>:</span> <span class='ocrx_word' id='word_1_121' title='bbox 2118 1331 2235 1377; x_wconf 89' lang='lat' dir='ltr'>‘Nec</span> 
     </span>
     <span class='ocr_line' id='line_1_16' title="bbox 444 1405 2235 1465; baseline -0.001 -16"><span class='ocrx_word' id='word_1_122' title='bbox 444 1420 519 1450; x_wconf 90' lang='lat' dir='ltr'>me</span> <span class='ocrx_word' id='word_1_123' title='bbox 545 1406 767 1465; x_wconf 86' lang='lat' dir='ltr'>praeterit</span> <span class='ocrx_word' id='word_1_124' title='bbox 798 1405 941 1450; x_wconf 89' lang='lat' dir='ltr'>huius</span> <span class='ocrx_word' id='word_1_125' title='bbox 966 1422 1156 1465; x_wconf 89' lang='lat' dir='ltr'>quoque</span> <span class='ocrx_word' id='word_1_126' title='bbox 1188 1406 1293 1450; x_wconf 90' lang='lat' dir='ltr'>facti</span> <span class='ocrx_word' id='word_1_127' title='bbox 1324 1418 1485 1450; x_wconf 91' lang='lat' dir='ltr'>auctor</span> <span class='ocrx_word' id='word_1_128' title='bbox 1515 1406 1829 1451; x_wconf 67' lang='lat' dir='ltr'>adulterinus</span> <span class='ocrx_word' id='word_1_129' title='bbox 1858 1405 1951 1452; x_wconf 87' lang='lat' dir='ltr'>Sed</span> <span class='ocrx_word' id='word_1_130' title='bbox 1987 1405 2081 1448; x_wconf 89' lang='lat' dir='ltr'>iam</span> <span class='ocrx_word' id='word_1_131' title='bbox 2111 1420 2235 1449; x_wconf 91' lang='lat' dir='ltr'>nunc</span> 
     </span>
     <span class='ocr_line' id='line_1_17' title="bbox 443 1477 2234 1537; baseline -0.001 -17"><span class='ocrx_word' id='word_1_132' title='bbox 443 1491 528 1536; x_wconf 89' lang='lat' dir='ltr'>ego</span> <span class='ocrx_word' id='word_1_133' title='bbox 548 1478 713 1521; x_wconf 91' lang='lat' dir='ltr'>sedulo</span> <span class='ocrx_word' id='word_1_134' title='bbox 734 1477 1052 1535; x_wconf 71' lang='lat' dir='ltr'>periclitabor,</span> <span class='ocrx_word' id='word_1_135' title='bbox 1068 1493 1124 1521; x_wconf 92' lang='lat' dir='ltr'>an</span> <span class='ocrx_word' id='word_1_136' title='bbox 1141 1478 1318 1537; x_wconf 91' lang='lat' dir='ltr'>oppido</span> <span class='ocrx_word' id='word_1_137' title='bbox 1334 1478 1441 1521; x_wconf 90' lang='lat' dir='ltr'>forti</span> <span class='ocrx_word' id='word_1_138' title='bbox 1459 1478 1623 1521; x_wconf 90' lang='lat' dir='ltr'>animo</span> <span class='ocrx_word' id='word_1_139' title='bbox 1638 1477 1964 1537; x_wconf 86' lang='lat' dir='ltr'>singularique</span> <span class='ocrx_word' id='word_1_140' title='bbox 1983 1477 2234 1535; x_wconf 90' lang='lat' dir='ltr'>prudentia</span> 
     </span>
     <span class='ocr_line' id='line_1_18' title="bbox 443 1548 2233 1609; baseline -0.001 -16"><span class='ocrx_word' id='word_1_141' title='bbox 443 1549 506 1593; x_wconf 92' lang='lat' dir='ltr'>sis</span> <span class='ocrx_word' id='word_1_142' title='bbox 530 1550 756 1609; x_wconf 87' lang='lat' dir='ltr'>praedita.</span> <span class='ocrx_word' id='word_1_143' title='bbox 783 1548 1000 1601; x_wconf 52' lang='lat' dir='ltr'>Videsne,</span> <span class='ocrx_word' id='word_1_144' title='bbox 1018 1550 1312 1594; x_wconf 87' lang='lat' dir='ltr'>insistentem</span> <span class='ocrx_word' id='word_1_145' title='bbox 1347 1549 1634 1594; x_wconf 87' lang='lat' dir='ltr'>celsissimae</span> <span class='ocrx_word' id='word_1_146' title='bbox 1671 1549 1735 1592; x_wconf 93' lang='lat' dir='ltr'>illi</span> <span class='ocrx_word' id='word_1_147' title='bbox 1762 1549 1868 1608; x_wconf 89' lang='lat' dir='ltr'>rupi</span> <span class='ocrx_word' id='word_1_148' title='bbox 1896 1549 2070 1592; x_wconf 89' lang='lat' dir='ltr'>montis</span> <span class='ocrx_word' id='word_1_149' title='bbox 2101 1548 2233 1593; x_wconf 86' lang='lat' dir='ltr'>ardui</span> 
     </span>
     <span class='ocr_line' id='line_1_19' title="bbox 445 1621 2235 1680; baseline 0 -15"><span class='ocrx_word' id='word_1_150' title='bbox 445 1621 689 1676; x_wconf 75' lang='lat' dir='ltr'>uerticem,</span> <span class='ocrx_word' id='word_1_151' title='bbox 722 1622 777 1666; x_wconf 93' lang='lat' dir='ltr'>de</span> <span class='ocrx_word' id='word_1_152' title='bbox 812 1637 906 1680; x_wconf 92' lang='lat' dir='ltr'>quo</span> <span class='ocrx_word' id='word_1_153' title='bbox 945 1621 1088 1666; x_wconf 90' lang='lat' dir='ltr'>fontis</span> <span class='ocrx_word' id='word_1_154' title='bbox 1128 1622 1212 1666; x_wconf 91' lang='lat' dir='ltr'>atri</span> <span class='ocrx_word' id='word_1_155' title='bbox 1253 1622 1409 1666; x_wconf 88' lang='lat' dir='ltr'>fuscae</span> <span class='ocrx_word' id='word_1_156' title='bbox 1447 1622 1664 1666; x_wconf 89' lang='lat' dir='ltr'>defluunt</span> <span class='ocrx_word' id='word_1_157' title='bbox 1700 1622 1854 1665; x_wconf 90' lang='lat' dir='ltr'>undae</span> <span class='ocrx_word' id='word_1_158' title='bbox 1881 1636 2235 1680; x_wconf 82' lang='lat' dir='ltr'>proxumaeque</span> 
     </span>
     <span class='ocr_line' id='line_1_20' title="bbox 442 1693 2231 1753; baseline 0.001 -17"><span class='ocrx_word' id='word_1_159' title='bbox 442 1693 778 1751; x_wconf 91' lang='lat' dir='ltr'>conceptaculo</span> <span class='ocrx_word' id='word_1_160' title='bbox 799 1694 935 1737; x_wconf 90' lang='lat' dir='ltr'>uallis</span> <span class='ocrx_word' id='word_1_161' title='bbox 961 1694 1168 1738; x_wconf 87' lang='lat' dir='ltr'>inclusae</span> <span class='ocrx_word' id='word_1_162' title='bbox 1194 1694 1380 1753; x_wconf 86' lang='lat' dir='ltr'>Stygias</span> <span class='ocrx_word' id='word_1_163' title='bbox 1406 1695 1611 1752; x_wconf 89' lang='lat' dir='ltr'>inrigant</span> <span class='ocrx_word' id='word_1_164' title='bbox 1632 1694 1829 1752; x_wconf 90' lang='lat' dir='ltr'>paludes</span> <span class='ocrx_word' id='word_1_165' title='bbox 1848 1706 1892 1737; x_wconf 92' lang='lat' dir='ltr'>et</span> <span class='ocrx_word' id='word_1_166' title='bbox 1912 1709 2050 1737; x_wconf 90' lang='lat' dir='ltr'>rauca</span> <span class='ocrx_word' id='word_1_167' title='bbox 2070 1694 2231 1752; x_wconf 66' lang='lat' dir='ltr'>Cocyti</span> 
     </span>
     <span class='ocr_line' id='line_1_21' title="bbox 443 1764 2233 1824; baseline 0 -16"><span class='ocrx_word' id='word_1_168' title='bbox 443 1765 619 1808; x_wconf 83' lang='lat' dir='ltr'>fluenta</span> <span class='ocrx_word' id='word_1_169' title='bbox 645 1764 892 1809; x_wconf 80' lang='lat' dir='ltr'>nutriunt?</span> <span class='ocrx_word' id='word_1_170' title='bbox 920 1765 1133 1809; x_wconf 87' lang='lat' dir='ltr'>indidem</span> <span class='ocrx_word' id='word_1_171' title='bbox 1161 1765 1277 1809; x_wconf 90' lang='lat' dir='ltr'>mihi</span> <span class='ocrx_word' id='word_1_172' title='bbox 1304 1766 1359 1810; x_wconf 94' lang='lat' dir='ltr'>de</span> <span class='ocrx_word' id='word_1_173' title='bbox 1381 1765 1557 1809; x_wconf 88' lang='lat' dir='ltr'>summi</span> <span class='ocrx_word' id='word_1_174' title='bbox 1579 1764 1722 1809; x_wconf 90' lang='lat' dir='ltr'>fontis</span> <span class='ocrx_word' id='word_1_175' title='bbox 1746 1766 1904 1824; x_wconf 90' lang='lat' dir='ltr'>penita</span> <span class='ocrx_word' id='word_1_176' title='bbox 1926 1764 2233 1824; x_wconf 86' lang='lat' dir='ltr'>scaturrigine</span> 
     </span>
     <span class='ocr_line' id='line_1_22' title="bbox 443 1835 2235 1896; baseline 0 -17"><span class='ocrx_word' id='word_1_177' title='bbox 443 1851 601 1880; x_wconf 89' lang='lat' dir='ltr'>rorem</span> <span class='ocrx_word' id='word_1_178' title='bbox 631 1836 863 1896; x_wconf 88' lang='lat' dir='ltr'>rigentem</span> <span class='ocrx_word' id='word_1_179' title='bbox 896 1836 1139 1881; x_wconf 89' lang='lat' dir='ltr'>hauritum</span> <span class='ocrx_word' id='word_1_180' title='bbox 1172 1838 1257 1880; x_wconf 90' lang='lat' dir='ltr'>ista</span> <span class='ocrx_word' id='word_1_181' title='bbox 1288 1837 1538 1881; x_wconf 87' lang='lat' dir='ltr'>confestim</span> <span class='ocrx_word' id='word_1_182' title='bbox 1568 1837 1723 1881; x_wconf 89' lang='lat' dir='ltr'>defers</span> <span class='ocrx_word' id='word_1_183' title='bbox 1756 1835 1955 1881; x_wconf 72' lang='lat' dir='ltr'>urnula³.</span> <span class='ocrx_word' id='word_1_184' title='bbox 1994 1837 2071 1883; x_wconf 87' lang='lat' dir='ltr'>Sic</span> <span class='ocrx_word' id='word_1_185' title='bbox 2106 1838 2235 1880; x_wconf 89' lang='lat' dir='ltr'>aiens</span> 
     </span>
     <span class='ocr_line' id='line_1_23' title="bbox 441 1908 2231 1967; baseline 0.001 -17"><span class='ocrx_word' id='word_1_186' title='bbox 441 1908 2231 1967; x_wconf 73' lang='lat' dir='ltr'>crustallodedolatumuasculum,insupereigrauioracomminatatradidit.</span> 
     </span>
    </p>

    <p class='ocr_par' dir='ltr' id='par_1_4' title="bbox 439 1978 2235 3047">
     <span class='ocr_line' id='line_1_24' title="bbox 594 1978 2235 2039; baseline 0 -15"><span class='ocrx_word' id='word_1_187' title='bbox 594 1994 646 2037; x_wconf 87' lang='lat'>14</span> <span class='ocrx_word' id='word_1_188' title='bbox 678 1981 740 2025; x_wconf 81' lang='lat' dir='ltr'>At</span> <span class='ocrx_word' id='word_1_189' title='bbox 775 1978 852 2024; x_wconf 92' lang='lat' dir='ltr'>illa</span> <span class='ocrx_word' id='word_1_190' title='bbox 884 1978 1091 2025; x_wconf 91' lang='lat' dir='ltr'>studiose</span> <span class='ocrx_word' id='word_1_191' title='bbox 1125 1980 1323 2039; x_wconf 88' lang='lat' dir='ltr'>gradum</span> <span class='ocrx_word' id='word_1_192' title='bbox 1362 1979 1572 2025; x_wconf 89' lang='lat' dir='ltr'>celerans</span> <span class='ocrx_word' id='word_1_193' title='bbox 1609 1979 1784 2025; x_wconf 91' lang='lat' dir='ltr'>montis</span> <span class='ocrx_word' id='word_1_194' title='bbox 1820 1991 2083 2024; x_wconf 88' lang='lat' dir='ltr'>extremum</span> <span class='ocrx_word' id='word_1_195' title='bbox 2122 1980 2235 2039; x_wconf 91' lang='lat' dir='ltr'>petit</span> 
     </span>
     <span class='ocr_line' id='line_1_25' title="bbox 443 2052 2233 2111; baseline 0.001 -16"><span class='ocrx_word' id='word_1_196' title='bbox 443 2053 706 2107; x_wconf 71' lang='lat' dir='ltr'>tumulum,</span> <span class='ocrx_word' id='word_1_197' title='bbox 732 2064 853 2096; x_wconf 90' lang='lat' dir='ltr'>certe</span> <span class='ocrx_word' id='word_1_198' title='bbox 879 2052 951 2096; x_wconf 91' lang='lat' dir='ltr'>uel</span> <span class='ocrx_word' id='word_1_199' title='bbox 980 2052 1072 2096; x_wconf 91' lang='lat' dir='ltr'>illic</span> <span class='ocrx_word' id='word_1_200' title='bbox 1108 2052 1362 2096; x_wconf 89' lang='lat' dir='ltr'>inuentura</span> <span class='ocrx_word' id='word_1_201' title='bbox 1388 2052 1512 2097; x_wconf 90' lang='lat' dir='ltr'>uitae</span> <span class='ocrx_word' id='word_1_202' title='bbox 1544 2052 1777 2111; x_wconf 88' lang='lat' dir='ltr'>pessimae</span> <span class='ocrx_word' id='word_1_203' title='bbox 1809 2053 1971 2097; x_wconf 88' lang='lat' dir='ltr'>finem.</span> <span class='ocrx_word' id='word_1_204' title='bbox 2006 2052 2099 2099; x_wconf 85' lang='lat' dir='ltr'>Sed</span> <span class='ocrx_word' id='word_1_205' title='bbox 2125 2068 2233 2096; x_wconf 88' lang='lat' dir='ltr'>cum</span> 
     </span>
     <span class='ocr_line' id='line_1_26' title="bbox 443 2124 2234 2184; baseline 0.001 -16"><span class='ocrx_word' id='word_1_206' title='bbox 443 2125 653 2183; x_wconf 88' lang='lat' dir='ltr'>primum</span> <span class='ocrx_word' id='word_1_207' title='bbox 682 2125 906 2183; x_wconf 88' lang='lat' dir='ltr'>praedicti</span> <span class='ocrx_word' id='word_1_208' title='bbox 943 2125 1037 2184; x_wconf 92' lang='lat' dir='ltr'>iugi</span> <span class='ocrx_word' id='word_1_209' title='bbox 1071 2124 1395 2169; x_wconf 90' lang='lat' dir='ltr'>conterminos</span> <span class='ocrx_word' id='word_1_210' title='bbox 1430 2125 1557 2169; x_wconf 93' lang='lat' dir='ltr'>locos</span> <span class='ocrx_word' id='word_1_211' title='bbox 1591 2124 1793 2184; x_wconf 72' lang='lat' dir='ltr'>appulit,</span> <span class='ocrx_word' id='word_1_212' title='bbox 1821 2124 1948 2170; x_wconf 90' lang='lat' dir='ltr'>uidet</span> <span class='ocrx_word' id='word_1_213' title='bbox 1983 2124 2047 2170; x_wconf 90' lang='lat' dir='ltr'>rei</span> <span class='ocrx_word' id='word_1_214' title='bbox 2075 2137 2234 2169; x_wconf 90' lang='lat' dir='ltr'>uastae</span> 
     </span>
     <span class='ocr_line' id='line_1_27' title="bbox 450 2195 2234 2257; baseline 0.001 -16"><span class='ocrx_word' id='word_1_215' title='bbox 450 2197 634 2241; x_wconf 87' lang='lat' dir='ltr'>letalem</span> <span class='ocrx_word' id='word_1_216' title='bbox 660 2195 1002 2242; x_wconf 87' lang='lat' dir='ltr'>difficultatem.</span> <span class='ocrx_word' id='word_1_217' title='bbox 1032 2198 1255 2256; x_wconf 88' lang='lat' dir='ltr'>Namque</span> <span class='ocrx_word' id='word_1_218' title='bbox 1289 2213 1456 2242; x_wconf 90' lang='lat' dir='ltr'>saxum</span> <span class='ocrx_word' id='word_1_219' title='bbox 1483 2196 1682 2242; x_wconf 88' lang='lat' dir='ltr'>immani</span> <span class='ocrx_word' id='word_1_220' title='bbox 1709 2196 2038 2257; x_wconf 89' lang='lat' dir='ltr'>magnitudine</span> <span class='ocrx_word' id='word_1_221' title='bbox 2070 2212 2234 2256; x_wconf 89' lang='lat' dir='ltr'>proce-</span> 
     </span>
     <span class='ocr_line' id='line_1_28' title="bbox 444 2268 2234 2328; baseline 0 -15"><span class='ocrx_word' id='word_1_222' title='bbox 444 2285 552 2313; x_wconf 88' lang='lat' dir='ltr'>rum</span> <span class='ocrx_word' id='word_1_223' title='bbox 574 2281 617 2313; x_wconf 92' lang='lat' dir='ltr'>et</span> <span class='ocrx_word' id='word_1_224' title='bbox 637 2269 872 2313; x_wconf 89' lang='lat' dir='ltr'>inaccessa</span> <span class='ocrx_word' id='word_1_225' title='bbox 897 2269 1164 2313; x_wconf 84' lang='lat' dir='ltr'>salebritate</span> <span class='ocrx_word' id='word_1_226' title='bbox 1186 2269 1422 2314; x_wconf 90' lang='lat' dir='ltr'>lubricum</span> <span class='ocrx_word' id='word_1_227' title='bbox 1445 2269 1596 2314; x_wconf 86' lang='lat' dir='ltr'>medis</span> <span class='ocrx_word' id='word_1_228' title='bbox 1616 2286 1638 2314; x_wconf 93' lang='lat' dir='ltr'>e</span> <span class='ocrx_word' id='word_1_229' title='bbox 1658 2268 1873 2314; x_wconf 90' lang='lat' dir='ltr'>faucibus</span> <span class='ocrx_word' id='word_1_230' title='bbox 1894 2269 2063 2328; x_wconf 91' lang='lat' dir='ltr'>lapidis</span> <span class='ocrx_word' id='word_1_231' title='bbox 2082 2268 2234 2314; x_wconf 73' lang='lat' dir='ltr'>fontes</span> 
     </span>
     <span class='ocr_line' id='line_1_29' title="bbox 443 2340 2233 2399; baseline 0.001 -15"><span class='ocrx_word' id='word_1_232' title='bbox 443 2340 661 2384; x_wconf 86' lang='lat' dir='ltr'>horridos</span> <span class='ocrx_word' id='word_1_233' title='bbox 686 2341 955 2395; x_wconf 67' lang='lat' dir='ltr'>euomebat‚</span> <span class='ocrx_word' id='word_1_234' title='bbox 983 2341 1063 2398; x_wconf 90' lang='lat' dir='ltr'>qui</span> <span class='ocrx_word' id='word_1_235' title='bbox 1090 2340 1248 2385; x_wconf 84' lang='lat' dir='ltr'>statim</span> <span class='ocrx_word' id='word_1_236' title='bbox 1274 2341 1412 2399; x_wconf 92' lang='lat' dir='ltr'>proni</span> <span class='ocrx_word' id='word_1_237' title='bbox 1439 2341 1687 2386; x_wconf 90' lang='lat' dir='ltr'>foraminis</span> <span class='ocrx_word' id='word_1_238' title='bbox 1711 2340 1893 2385; x_wconf 90' lang='lat' dir='ltr'>lacunis</span> <span class='ocrx_word' id='word_1_239' title='bbox 1918 2340 2028 2386; x_wconf 90' lang='lat' dir='ltr'>editi</span> <span class='ocrx_word' id='word_1_240' title='bbox 2055 2357 2233 2399; x_wconf 88' lang='lat' dir='ltr'>perque</span> 
     </span>
     <span class='ocr_line' id='line_1_30' title="bbox 442 2410 2233 2471; baseline 0 -15"><span class='ocrx_word' id='word_1_241' title='bbox 442 2411 654 2469; x_wconf 87' lang='lat' dir='ltr'>procliue</span> <span class='ocrx_word' id='word_1_242' title='bbox 675 2411 854 2470; x_wconf 89' lang='lat' dir='ltr'>delapsi</span> <span class='ocrx_word' id='word_1_243' title='bbox 870 2410 1113 2471; x_wconf 89' lang='lat' dir='ltr'>etangusti</span> <span class='ocrx_word' id='word_1_244' title='bbox 1131 2411 1307 2456; x_wconf 90' lang='lat' dir='ltr'>canalis</span> <span class='ocrx_word' id='word_1_245' title='bbox 1322 2423 1510 2457; x_wconf 88' lang='lat' dir='ltr'>exarato</span> <span class='ocrx_word' id='word_1_246' title='bbox 1523 2411 1721 2457; x_wconf 91' lang='lat' dir='ltr'>contecti</span> <span class='ocrx_word' id='word_1_247' title='bbox 1742 2411 1928 2457; x_wconf 88' lang='lat' dir='ltr'>tramite</span> <span class='ocrx_word' id='word_1_248' title='bbox 1949 2426 2233 2471; x_wconf 86' lang='lat' dir='ltr'>proxumam</span> 
     </span>
     <span class='ocr_line' id='line_1_31' title="bbox 440 2482 2234 2542; baseline 0.001 -15"><span class='ocrx_word' id='word_1_249' title='bbox 440 2483 710 2528; x_wconf 91' lang='lat' dir='ltr'>conuallem</span> <span class='ocrx_word' id='word_1_250' title='bbox 750 2484 948 2528; x_wconf 87' lang='lat' dir='ltr'>latenter</span> <span class='ocrx_word' id='word_1_251' title='bbox 988 2482 1276 2528; x_wconf 90' lang='lat' dir='ltr'>incidebant.</span> <span class='ocrx_word' id='word_1_252' title='bbox 1321 2484 1491 2529; x_wconf 90' lang='lat' dir='ltr'>Dextra</span> <span class='ocrx_word' id='word_1_253' title='bbox 1529 2484 1761 2542; x_wconf 90' lang='lat' dir='ltr'>laeuaque</span> <span class='ocrx_word' id='word_1_254' title='bbox 1800 2483 2017 2529; x_wconf 89' lang='lat' dir='ltr'>cautibus</span> <span class='ocrx_word' id='word_1_255' title='bbox 2056 2483 2234 2528; x_wconf 90' lang='lat' dir='ltr'>cauatis</span> 
     </span>
     <span class='ocr_line' id='line_1_32' title="bbox 442 2555 2233 2615; baseline -0.001 -15"><span class='ocrx_word' id='word_1_256' title='bbox 442 2567 729 2615; x_wconf 89' lang='lat' dir='ltr'>proserpunt</span> <span class='ocrx_word' id='word_1_257' title='bbox 744 2567 841 2600; x_wconf 90' lang='lat' dir='ltr'>et...</span> <span class='ocrx_word' id='word_1_258' title='bbox 864 2556 1003 2615; x_wconf 89' lang='lat' dir='ltr'>longa</span> <span class='ocrx_word' id='word_1_259' title='bbox 1020 2555 1136 2599; x_wconf 90' lang='lat' dir='ltr'>colla</span> <span class='ocrx_word' id='word_1_260' title='bbox 1152 2555 1353 2614; x_wconf 90' lang='lat' dir='ltr'>porrecti</span> <span class='ocrx_word' id='word_1_261' title='bbox 1375 2555 1504 2600; x_wconf 88' lang='lat' dir='ltr'>saeui</span> <span class='ocrx_word' id='word_1_262' title='bbox 1522 2556 1751 2600; x_wconf 89' lang='lat' dir='ltr'>dracones</span> <span class='ocrx_word' id='word_1_263' title='bbox 1772 2555 2021 2600; x_wconf 90' lang='lat' dir='ltr'>inconiuae</span> <span class='ocrx_word' id='word_1_264' title='bbox 2043 2555 2233 2615; x_wconf 87' lang='lat' dir='ltr'>uigiliae</span> 
     </span>
     <span class='ocr_line' id='line_1_33' title="bbox 442 2626 2229 2688; baseline -0.001 -16"><span class='ocrx_word' id='word_1_265' title='bbox 442 2626 710 2672; x_wconf 90' lang='lat' dir='ltr'>luminibus</span> <span class='ocrx_word' id='word_1_266' title='bbox 741 2627 941 2673; x_wconf 90' lang='lat' dir='ltr'>addictis</span> <span class='ocrx_word' id='word_1_267' title='bbox 977 2639 1019 2672; x_wconf 93' lang='lat' dir='ltr'>et</span> <span class='ocrx_word' id='word_1_268' title='bbox 1056 2627 1100 2671; x_wconf 91' lang='lat' dir='ltr'>in</span> <span class='ocrx_word' id='word_1_269' title='bbox 1136 2639 1413 2687; x_wconf 90' lang='lat' dir='ltr'>perpetuam</span> <span class='ocrx_word' id='word_1_270' title='bbox 1453 2627 1605 2673; x_wconf 90' lang='lat' dir='ltr'>lucem</span> <span class='ocrx_word' id='word_1_271' title='bbox 1643 2628 1838 2688; x_wconf 89' lang='lat' dir='ltr'>pupulis</span> <span class='ocrx_word' id='word_1_272' title='bbox 1870 2628 2229 2672; x_wconf 80' lang='lat' dir='ltr'>excubantibus.</span> 
     </span>
     <span class='ocr_line' id='line_1_34' title="bbox 442 2691 2235 2760; baseline 0 -16"><span class='ocrx_word' id='word_1_273' title='bbox 442 2700 642 2759; x_wconf 90' lang='lat' dir='ltr'>Iamque</span> <span class='ocrx_word' id='word_1_274' title='bbox 667 2713 710 2745; x_wconf 91' lang='lat' dir='ltr'>et</span> <span class='ocrx_word' id='word_1_275' title='bbox 741 2700 869 2759; x_wconf 88' lang='lat' dir='ltr'>ipsae</span> <span class='ocrx_word' id='word_1_276' title='bbox 901 2711 1048 2744; x_wconf 91' lang='lat' dir='ltr'>semet</span> <span class='ocrx_word' id='word_1_277' title='bbox 1082 2699 1363 2744; x_wconf 89' lang='lat' dir='ltr'>muniebant</span> <span class='ocrx_word' id='word_1_278' title='bbox 1397 2701 1585 2745; x_wconf 92' lang='lat' dir='ltr'>uocales</span> <span class='ocrx_word' id='word_1_279' title='bbox 1609 2716 1775 2760; x_wconf 90' lang='lat' dir='ltr'>aquae.</span> <span class='ocrx_word' id='word_1_280' title='bbox 1806 2702 1932 2745; x_wconf 89' lang='lat' dir='ltr'>Nam</span> <span class='ocrx_word' id='word_1_281' title='bbox 1957 2713 2000 2744; x_wconf 92' lang='lat' dir='ltr'>et</span> <span class='ocrx_word' id='word_1_282' title='bbox 2020 2691 2235 2745; x_wconf 48' lang='lat' dir='ltr'>‘discedo</span> 
     </span>
     <span class='ocr_line' id='line_1_35' title="bbox 441 2769 2232 2832; baseline 0 -16"><span class='ocrx_word' id='word_1_283' title='bbox 441 2784 484 2816; x_wconf 89' lang='lat' dir='ltr'>et</span> <span class='ocrx_word' id='word_1_284' title='bbox 505 2770 636 2831; x_wconf 85' lang='lat' dir='ltr'>‘quid</span> <span class='ocrx_word' id='word_1_285' title='bbox 663 2771 805 2816; x_wconf 74' lang='lat' dir='ltr'>facis?</span> <span class='ocrx_word' id='word_1_286' title='bbox 832 2769 956 2817; x_wconf 80' lang='lat' dir='ltr'>uide²</span> <span class='ocrx_word' id='word_1_287' title='bbox 979 2784 1022 2816; x_wconf 92' lang='lat' dir='ltr'>et</span> <span class='ocrx_word' id='word_1_288' title='bbox 1042 2771 1171 2830; x_wconf 84' lang='lat' dir='ltr'>‘quid</span> <span class='ocrx_word' id='word_1_289' title='bbox 1198 2771 1326 2831; x_wconf 75' lang='lat' dir='ltr'>agis?</span> <span class='ocrx_word' id='word_1_290' title='bbox 1352 2769 1482 2816; x_wconf 83' lang='lat' dir='ltr'>caue²</span> <span class='ocrx_word' id='word_1_291' title='bbox 1504 2784 1548 2816; x_wconf 92' lang='lat' dir='ltr'>et</span> <span class='ocrx_word' id='word_1_292' title='bbox 1569 2772 1707 2832; x_wconf 79' lang='lat' dir='ltr'>‘fuge&#39;</span> <span class='ocrx_word' id='word_1_293' title='bbox 1729 2784 1773 2816; x_wconf 91' lang='lat' dir='ltr'>et</span> <span class='ocrx_word' id='word_1_294' title='bbox 1798 2770 2005 2832; x_wconf 70' lang='lat' dir='ltr'>‘peribis’</span> <span class='ocrx_word' id='word_1_295' title='bbox 2028 2773 2232 2817; x_wconf 89' lang='lat' dir='ltr'>subinde</span> 
     </span>
     <span class='ocr_line' id='line_1_36' title="bbox 439 2843 2233 2904; baseline 0 -16"><span class='ocrx_word' id='word_1_296' title='bbox 439 2843 660 2888; x_wconf 89' lang='lat' dir='ltr'>clamant.</span> <span class='ocrx_word' id='word_1_297' title='bbox 689 2843 767 2891; x_wconf 85' lang='lat' dir='ltr'>Sic</span> <span class='ocrx_word' id='word_1_298' title='bbox 787 2843 1166 2904; x_wconf 90' lang='lat' dir='ltr'>impossibilitate</span> <span class='ocrx_word' id='word_1_299' title='bbox 1189 2843 1289 2903; x_wconf 89' lang='lat' dir='ltr'>ipsa</span> <span class='ocrx_word' id='word_1_300' title='bbox 1310 2854 1488 2888; x_wconf 88' lang='lat' dir='ltr'>mutata</span> <span class='ocrx_word' id='word_1_301' title='bbox 1509 2843 1555 2888; x_wconf 92' lang='lat' dir='ltr'>in</span> <span class='ocrx_word' id='word_1_302' title='bbox 1576 2844 1782 2904; x_wconf 92' lang='lat' dir='ltr'>lapidem</span> <span class='ocrx_word' id='word_1_303' title='bbox 1806 2845 1986 2904; x_wconf 71' lang='lat' dir='ltr'>Psyche</span> <span class='ocrx_word' id='word_1_304' title='bbox 2010 2845 2233 2903; x_wconf 88' lang='lat' dir='ltr'>quamuis</span> 
     </span>
     <span class='ocr_line' id='line_1_37' title="bbox 440 2916 2230 2975; baseline 0 -15"><span class='ocrx_word' id='word_1_305' title='bbox 440 2917 675 2975; x_wconf 89' lang='lat' dir='ltr'>praesenti</span> <span class='ocrx_word' id='word_1_306' title='bbox 713 2931 909 2975; x_wconf 89' lang='lat' dir='ltr'>corpore</span> <span class='ocrx_word' id='word_1_307' title='bbox 942 2916 1162 2960; x_wconf 90' lang='lat' dir='ltr'>sensibus</span> <span class='ocrx_word' id='word_1_308' title='bbox 1193 2928 1351 2959; x_wconf 90' lang='lat' dir='ltr'>tamen</span> <span class='ocrx_word' id='word_1_309' title='bbox 1376 2916 1556 2971; x_wconf 70' lang='lat' dir='ltr'>aberat,</span> <span class='ocrx_word' id='word_1_310' title='bbox 1589 2929 1632 2960; x_wconf 92' lang='lat' dir='ltr'>et</span> <span class='ocrx_word' id='word_1_311' title='bbox 1666 2917 2004 2961; x_wconf 86' lang='lat' dir='ltr'>inextricabilis</span> <span class='ocrx_word' id='word_1_312' title='bbox 2035 2917 2230 2975; x_wconf 89' lang='lat' dir='ltr'>periculi</span> 
     </span>
     <span class='ocr_line' id='line_1_38' title="bbox 440 2987 2227 3047; baseline -0.001 -15"><span class='ocrx_word' id='word_1_313' title='bbox 440 2988 565 3032; x_wconf 88' lang='lat' dir='ltr'>mole</span> <span class='ocrx_word' id='word_1_314' title='bbox 596 3004 791 3047; x_wconf 92' lang='lat' dir='ltr'>prorsus</span> <span class='ocrx_word' id='word_1_315' title='bbox 825 2988 994 3033; x_wconf 86' lang='lat' dir='ltr'>obruta</span> <span class='ocrx_word' id='word_1_316' title='bbox 1034 2988 1354 3032; x_wconf 88' lang='lat' dir='ltr'>lacrumarum</span> <span class='ocrx_word' id='word_1_317' title='bbox 1390 2987 1533 3032; x_wconf 91' lang='lat' dir='ltr'>etiam</span> <span class='ocrx_word' id='word_1_318' title='bbox 1570 3001 1781 3033; x_wconf 92' lang='lat' dir='ltr'>extremo</span> <span class='ocrx_word' id='word_1_319' title='bbox 1816 2988 1990 3032; x_wconf 86' lang='lat' dir='ltr'>solacio</span> <span class='ocrx_word' id='word_1_320' title='bbox 2027 2988 2227 3033; x_wconf 82' lang='lat' dir='ltr'>carebat.</span> 
     </span>
    </p>

    <p class='ocr_par' dir='ltr' id='par_1_5' title="bbox 439 3059 2230 3192">
     <span class='ocr_line' id='line_1_39' title="bbox 592 3059 2230 3119; baseline 0 -16"><span class='ocrx_word' id='word_1_321' title='bbox 592 3061 638 3104; x_wconf 78' lang='lat'>15</span> <span class='ocrx_word' id='word_1_322' title='bbox 678 3060 776 3105; x_wconf 94' lang='lat' dir='ltr'>Nec</span> <span class='ocrx_word' id='word_1_323' title='bbox 810 3059 1148 3104; x_wconf 88' lang='lat' dir='ltr'>Prouidentiae</span> <span class='ocrx_word' id='word_1_324' title='bbox 1179 3059 1331 3103; x_wconf 92' lang='lat' dir='ltr'>bonae</span> <span class='ocrx_word' id='word_1_325' title='bbox 1361 3074 1530 3119; x_wconf 90' lang='lat' dir='ltr'>graues</span> <span class='ocrx_word' id='word_1_326' title='bbox 1560 3060 1723 3104; x_wconf 91' lang='lat' dir='ltr'>oculos</span> <span class='ocrx_word' id='word_1_327' title='bbox 1755 3060 2021 3104; x_wconf 90' lang='lat' dir='ltr'>innocentis</span> <span class='ocrx_word' id='word_1_328' title='bbox 2045 3060 2230 3104; x_wconf 86' lang='lat' dir='ltr'>animae</span> 
     </span>
     <span class='ocr_line' id='line_1_40' title="bbox 439 3130 2230 3192; baseline -0.001 -18"><span class='ocrx_word' id='word_1_329' title='bbox 439 3131 573 3176; x_wconf 87' lang='lat' dir='ltr'>latuit</span> <span class='ocrx_word' id='word_1_330' title='bbox 603 3146 848 3176; x_wconf 82' lang='lat' dir='ltr'>aerumna.</span> <span class='ocrx_word' id='word_1_331' title='bbox 878 3132 1005 3177; x_wconf 87' lang='lat' dir='ltr'>Nam</span> <span class='ocrx_word' id='word_1_332' title='bbox 1040 3130 1248 3192; x_wconf 89' lang='lat' dir='ltr'>supremi</span> <span class='ocrx_word' id='word_1_333' title='bbox 1279 3130 1407 3176; x_wconf 90' lang='lat' dir='ltr'>Iouis</span> <span class='ocrx_word' id='word_1_334' title='bbox 1443 3131 1611 3191; x_wconf 89' lang='lat' dir='ltr'>regalis</span> <span class='ocrx_word' id='word_1_335' title='bbox 1650 3131 1745 3175; x_wconf 88' lang='lat' dir='ltr'>ales</span> <span class='ocrx_word' id='word_1_336' title='bbox 1783 3131 1859 3175; x_wconf 90' lang='lat' dir='ltr'>illa</span> <span class='ocrx_word' id='word_1_337' title='bbox 1897 3143 2086 3191; x_wconf 88' lang='lat' dir='ltr'>repente</span> <span class='ocrx_word' id='word_1_338' title='bbox 2123 3146 2230 3191; x_wconf 90' lang='lat' dir='ltr'>pro-</span> 
     </span>
    </p>
   </div>
   <div class='ocr_carea' id='block_1_4' title="bbox 2284 1063 2333 1091">
    <p class='ocr_par' dir='ltr' id='par_1_6' title="bbox 2284 1063 2333 1091">
     <span class='ocr_line' id='line_1_41' title="bbox 2284 1063 2333 1091; baseline -0.082 0"><span class='ocrx_word' id='word_1_339' title='bbox 2284 1063 2333 1091; x_wconf 75' lang='grc' dir='ltr'>Π)</span> 
     </span>
    </p>
   </div>
   <div class='ocr_carea' id='block_1_5' title="bbox 2286 1409 2332 1450">
    <p class='ocr_par' dir='ltr' id='par_1_7' title="bbox 2286 1409 2332 1450">
     <span class='ocr_line' id='line_1_42' title="bbox 2286 1409 2332 1450; baseline 0.022 -1"><span class='ocrx_word' id='word_1_340' title='bbox 2286 1423 2292 1449; x_wconf 87' lang='grc' dir='ltr'>ι</span> <span class='ocrx_word' id='word_1_341' title='bbox 2310 1409 2332 1450; x_wconf 73' lang='lat'><strong>5</strong></span> 
     </span>
    </p>
   </div>
   <div class='ocr_carea' id='block_1_6' title="bbox 2278 1784 2333 1812">
    <p class='ocr_par' dir='ltr' id='par_1_8' title="bbox 2278 1784 2333 1812">
     <span class='ocr_line' id='line_1_43' title="bbox 2278 1784 2333 1812; baseline 0 0"><span class='ocrx_word' id='word_1_342' title='bbox 2278 1784 2333 1812; x_wconf 81' lang='lat'>20</span> 
     </span>
    </p>
   </div>
   <div class='ocr_carea' id='block_1_7' title="bbox 2275 2853 2328 2897">
    <p class='ocr_par' dir='ltr' id='par_1_9' title="bbox 2275 2853 2328 2897">
     <span class='ocr_line' id='line_1_44' title="bbox 2275 2853 2328 2897; baseline -0.019 0"><span class='ocrx_word' id='word_1_343' title='bbox 2275 2853 2328 2897; x_wconf 73' lang='lat'>35</span> 
     </span>
    </p>
   </div>
  </div>
 </body>
</html>
