2680 3690
1200 264 1468 305 „9-

442 381 588 428 immo
614 395 698 425 nec
722 378 923 425 omnino
947 378 1202 439 quicquam
1233 379 1291 425 de
1321 378 1422 425 eius
1454 378 1602 425 salute
1628 378 1857 425 norimus.
1887 379 1968 427 Sat
1993 391 2079 435 est,
2105 380 2231 439 quod

444 451 571 511 ipsae
619 450 830 496 uidimus
874 464 994 510 quae
1040 450 1216 495 uidisse
1261 451 1508 510 paenituit,
1550 452 1724 495 nedum
1767 462 1815 495 ut
1854 451 2151 511 genitoribus
2190 463 2233 494 et

440 523 666 567 omnibus
690 524 880 583 populis
904 535 998 566 tam
1025 523 1214 566 beatum
1235 523 1337 567 eius
1354 523 1629 567 differamus
1649 524 1974 582 praeconium.
1999 525 2098 567 Nec
2123 536 2232 566 sunt

441 596 568 639 enim
605 595 726 638 beati
762 610 966 653 quorum
992 595 1184 638 diuitias
1219 611 1360 638 nemo
1393 596 1542 639 nouit.
1571 596 1696 641 Sciet
1731 611 1778 638 se
1813 611 1906 638 non
1933 596 2126 638 ancillas
2152 597 2230 638 sed

440 682 625 711 sorores
650 667 824 710 habere
849 666 1066 710 maiores.
1097 667 1155 710 Et
1179 683 1305 725 nunc
1328 667 1521 724 quidem
1547 668 1861 711 concedamus
1888 668 1943 710 ad
1972 668 2165 710 maritos
2189 680 2231 710 et

442 740 561 782 lares
585 753 818 796 pauperes
842 751 1029 781 nostros
1060 739 1140 781 sed
1165 739 1302 796 plane
1327 738 1512 782 sobrios
1543 739 1825 790 reuisamus,
1852 739 2031 795 diuque
2061 738 2230 796 cogita-

440 808 652 854 tionibus
677 808 994 865 pressioribus
1014 806 1267 854 instr'uctae
1287 810 1341 854 ad
1364 810 1635 869 superbiam
1660 810 1975 869 poeniendam
1999 808 2232 853 firmiores

441 879 717 926 redeamus².

593 968 635 996 ιι
680 953 836 997 Placet
861 967 947 1012 pro
973 953 1098 997 bono
1129 953 1314 997 duabus
1345 954 1480 998 malis
1512 955 1689 998 malum
1722 953 1994 1004 consilium,
2027 952 2231 1011 totisque

442 1025 533 1069 illis
548 1037 640 1069 tam
660 1025 878 1084 pretiosis
898 1026 1180 1069 muneribus
1199 1026 1488 1070 absconditis
1507 1041 1690 1069 comam
1710 1025 1951 1069 trahentes
1970 1036 2012 1067 et
2033 1024 2230 1083 proinde

440 1109 489 1141 ut
520 1097 825 1141 merebantur
857 1112 938 1141 ora
970 1097 1226 1141 lacerantes
1261 1098 1505 1142 simulatos
1541 1097 1861 1155 redintegrant
1895 1096 2047 1139 fletus.
2077 1099 2142 1140 Ac
2168 1097 2231 1139 sic

439 1181 657 1229 parentes
695 1184 885 1228 quoque
926 1170 1218 1213 redulcerato
1258 1184 1476 1228 prorsum
1514 1169 1676 1213 dolore
1715 1168 1885 1227 raptim
1924 1168 2229 1218 deterrentes„

439 1240 632 1285 uesania
662 1241 875 1300 turgidae
905 1242 1076 1286 domus
1111 1258 1218 1286 suas
1250 1243 1562 1296 contendunt,
1588 1242 1752 1286 dolum
1788 1241 2057 1294 scelestum„
2084 1241 2231 1285 immo

440 1328 552 1356 uero
568 1312 875 1370 parricidium
890 1325 1123 1357 struentes
1135 1326 1296 1357 contra
1313 1329 1522 1358 sororem
1540 1313 1793 1357 insontem.
1814 1313 1997 1356 Interea
2015 1312 2227 1370 Psychen

440 1384 637 1428 maritus
662 1385 738 1428 ille
763 1400 904 1442 quem
932 1385 1076 1429 nescit
1102 1401 1289 1429 rursum
1316 1386 1413 1429 suis
1439 1385 1530 1429 illis
1562 1385 1808 1429 nocturnis
1839 1384 2142 1428 sermonibus
2167 1386 2229 1427 sic

438 1467 710 1501 commonet
751 1468 759 1501 :
791 1454 1028 1511 ‘Videsne,
1065 1469 1295 1515 quantum
1334 1456 1416 1502 tibi
1460 1456 1723 1516 periculum
1764 1455 1985 1501 uelitatur
2022 1456 2230 1501 Fortuna

439 1526 657 1572 eminus?
685 1542 753 1581 ac,
781 1526 870 1572 nisi
898 1528 1034 1587 longe
1065 1527 1262 1574 firmiter
1292 1542 1561 1587 praecaues,
1591 1542 1697 1572 mox
1729 1526 2000 1572 comminus
2039 1540 2229 1586 congre·

438 1598 609 1644 dietur.
654 1599 870 1645 Perfidae
915 1600 1104 1659 lupulae
1150 1599 1335 1660 magnis
1373 1599 1622 1645 conatibus
1665 1598 1868 1644 nefarias
1909 1598 2107 1644 insidias
2146 1598 2227 1643 tibi

438 1682 732 1729 comparant,
752 1686 955 1730 quarum
977 1687 1162 1716 summa
1179 1683 1246 1716 est
1263 1685 1311 1716 ut
1330 1684 1372 1717 te
1392 1672 1622 1717 suadeant
1642 1686 1773 1716 meos
1790 1671 2032 1730 explorare
2051 1670 2229 1724 uultus„

439 1757 576 1800 quOS,
603 1753 652 1787 ut
676 1741 761 1787 tibi
793 1757 931 1802 saepe
964 1742 1194 1801 praedixi,
1221 1757 1316 1787 non
1350 1742 1553 1797 uidebis,
1579 1742 1616 1786 si
1650 1742 1843 1786 uideris.
1875 1742 1999 1801 Ergo
2025 1741 2167 1801 igitur
2194 1741 2228 1785 si
2274 1765 2279 1773 ι

439 1813 633 1873 posthac
651 1814 882 1873 pessimae
900 1814 1004 1858 illae
1022 1814 1190 1858 lamiae
1208 1813 1360 1858 noxiis
1376 1813 1548 1858 animis
1564 1826 1771 1858 armatae
1790 1813 2007 1857 uenerint
2025 1813 2231 1869 [uenient

439 1897 614 1940 autem,
651 1885 779 1941 scio),
815 1900 968 1945 neque
1001 1886 1199 1930 omnino
1234 1900 1501 1930 sermonem
1538 1885 1753 1929 conferas
1784 1898 1843 1938 et,
1877 1886 1912 1928 si
1951 1885 1995 1928 id
2032 1886 2230 1929 tolerare

438 1972 525 2015 pro
543 1957 750 2016 genuina
770 1957 1069 2016 simplicitate
1090 1973 1270 2016 proque
1289 1957 1434 2001 animi
1454 1957 1519 2001 tui
1543 1957 1863 2003 teneritudine
1888 1972 1979 2001 non
2001 1958 2228 2015 potueriS,

438 2041 559 2073 certe
590 2032 646 2073 de
680 2029 850 2073 marito
885 2030 950 2073 nil
986 2024 1240 2088 quicquam
1277 2029 1351 2073 uel
1386 2029 1550 2073 audias
1586 2030 1660 2073 uel
1693 2030 1997 2088 respondeas.
2029 2029 2151 2072 Nam
2188 2040 2231 2072 et

438 2100 666 2146 familiam
693 2114 903 2147 nostram
936 2101 1028 2147 iam
1054 2101 1425 2162 propagabimus
1449 2113 1492 2146 et
1518 2101 1592 2146 hic
1622 2101 1778 2146 adhuc
1809 2100 2039 2146 infantilis
2071 2114 2230 2146 uterus

437 2185 584 2234 gestat
629 2174 1039 2233 nobislinfantem
1086 2174 1251 2228 alium,
1299 2174 1335 2218 si
1381 2174 1550 2218 texeris
1596 2186 1755 2218 nostra
1801 2186 1975 2218 secreta
2021 2174 2227 2227 silentio,

436 2246 677 2302 diuinum,
703 2248 740 2291 si
768 2246 1113 2307 profanaueris‚
1138 2246 1413 2291 mortalem’.

589 2338 638 2369 12
678 2324 862 2369 Nuntio
904 2325 1086 2385 Psyche
1128 2325 1244 2369 laeta
1284 2324 1480 2369 florebat
1518 2336 1561 2373 et
1600 2324 1794 2368 diuinae
1835 2324 2015 2367 subolis
2056 2324 2230 2368 solacio

438 2396 691 2455 plaudebat
727 2409 771 2441 et
808 2397 952 2441 futuri
995 2396 1207 2456 pignoris
1246 2397 1393 2456 gloria
1433 2396 1661 2456 gestiebat
1695 2408 1737 2439 et
1779 2397 1976 2440 materni
2021 2396 2230 2439 nominis

436 2467 662 2528 dignitate
679 2468 1223 2528 gaudebat.}Crescentes
1242 2468 1342 2512 dies
1358 2480 1401 2512 et
1420 2482 1606 2512 menses
1621 2479 1845 2512 exeuntes
1859 2468 1996 2511 anxia
2013 2481 2230 2512 numerat

437 2552 480 2584 et
516 2540 726 2585 sarcinae
762 2541 945 2585 nesciae
981 2542 1251 2585 rudimento
1287 2540 1485 2584 miratur
1518 2541 1575 2584 de
1611 2539 1745 2584 breui
1781 2541 2010 2599 punctulo
2045 2552 2226 2584 tantum

436 2611 833 2657 incrementulum
861 2613 1107 2672 locupletis
1132 2612 1266 2657 uteri.
1295 2611 1388 2659 Sed
1414 2611 1506 2656 iarn
1532 2623 1685 2670 pestes
1707 2611 1811 2656 illae
1836 2612 2228 2670 taeterrimaeque

435 2683 606 2745 furiaej
629 2684 906 2730 anhelantes
949 2684 1196 2745 uipereum
1239 2683 1369 2729 uirus
1409 2695 1451 2728 et
1490 2683 1766 2728 festinantes
1808 2683 1954 2744 impia
1993 2683 2227 2729 celeritate

435 2757 741 2819 nauigabant.
769 2759 907 2804 Tunc
942 2758 1006 2804 sic
1032 2758 1200 2804 iterum
1238 2757 1579 2803 momentarius
1616 2757 1813 2802 maritus
1849 2773 1981 2802 suam
2011 2757 2225 2817 Psychen

435 2832 660 2876 admonet
677 2849 685 2875 ε
700 2831 829 2877 ‘Dies
846 2832 1011 2876 ultima
1031 2844 1074 2876 et
1092 2846 1226 2876 casus
1241 2832 1491 2875 extremus!
1517 2831 1586 2874 En
1604 2845 1743 2874 sexus
1764 2830 1960 2874 infestus
1975 2842 2017 2874 et
2037 2830 2229 2889 sanguis

435 2902 659 2949 inimicus
690 2903 782 2949 iam
815 2903 1018 2964 sumpsit
1047 2919 1176 2949 arma
1208 2914 1251 2948 et
1280 2914 1427 2947 castra
1457 2901 1720 2947 commouit
1744 2914 1787 2947 et
1820 2902 1967 2947 aciem
1994 2902 2162 2956 direxit
2187 2914 2229 2947 et

434 2976 680 3022 classicum
703 2976 994 3037 personauit.
1019 2977 1118 3021 Iam
1141 2991 1365 3021 mucrone
1384 2974 1605 3020 destricto
1625 2974 1844 3035 iugulum
1866 2987 1998 3020 tuum
2023 2974 2227 3020 nefariae

434 3059 541 3093 tuae
586 3063 771 3093 sorores
822 3060 1001 3108 petunt.
1058 3049 1166 3093 Heu
1217 3046 1407 3106 quantis
1460 3061 1720 3106 urguemur
1764 3046 1995 3096 cladibus,
2045 3046 2228 3105 Psyche

434 3119 723 3166 dulcissima!
751 3120 843 3166 Tui
871 3119 1113 3180 nostrique
1139 3119 1360 3164 miserere
1386 3118 1698 3179 religiosaque
1718 3118 2007 3163 continentia
2030 3119 2225 3162 domum

2283 1048 2330 1073 l()

2283 1407 2288 1432 ι
2306 1393 2328 1433 5

2273 2109 2326 2151 25

2272 2468 2328 2511 30

2272 2830 2325 2873 35
