2680 3690
349 1047 398 1073 10

342 1770 398 1799 20

440 385 810 444 commixtisque
836 385 1097 429 aceruatim
1120 384 1332 429 confusis
1357 385 1405 429 in
1426 400 1581 429 unum
1605 385 1887 446 grumulum
1913 386 1977 429 sic
2002 387 2058 430 ad
2085 386 2213 430 illam
2237 403 2246 429 ε

437 457 642 501 ‘Videris
662 457 791 501 enim
813 456 931 501 mihi
954 468 1050 500 tam
1070 456 1302 501 deformis
1321 457 1490 501 ancilla
1513 458 1645 502 nullo
1664 457 1757 501 alio
1776 458 1856 502 sed
1876 469 2063 502 tantum
2083 458 2250 502 sedulo

442 529 712 574 ministerio
737 541 973 573 amatores
1004 541 1111 573 tuos
1142 530 1426 588 promereri,
1454 530 1548 573 iam
1574 545 1688 590 ergo
1713 542 1757 574 et
1780 530 1881 589 ipsa
1904 529 2092 590 frugem
2117 542 2250 574 tuam

440 601 762 660 periclitabor.
824 601 1049 646 Discerne
1101 601 1344 645 seminum
1400 602 1602 647 istorum
1658 602 1900 661 passiuam
1955 602 2247 662 congeriem,

440 674 740 733 singulisque
776 673 935 733 granis
962 673 1047 716 rite
1072 673 1316 731 dispositis
1341 686 1482 732 atque
1508 674 1733 733 seiugatis
1763 686 1868 717 ante
1901 674 2053 733 ipsam
2078 688 2248 733 uespe-

440 760 542 789 ram
587 761 710 804 opus
755 745 1032 803 expeditum
1086 745 1350 803 approbato
1400 744 1546 789 mihi².
1596 745 1674 791 Sic
1718 746 1957 805 assignato
2007 758 2247 790 tantorum

440 816 684 860 seminum
721 816 918 860 cumulo
951 816 1051 874 ipsa
1077 831 1220 859 cenae
1252 816 1454 874 nuptiali
1480 817 1729 860 concessit.
1753 818 1853 861 Nec
1873 818 2055 877 Psyche
2077 832 2248 861 manus

440 887 704 931 admolitur
750 887 1021 931 inconditae
1069 887 1134 930 illi
1182 899 1225 930 et
1277 887 1589 931 inextricabili
1637 888 1770 942 moli,
1817 889 1897 933 sed
1953 888 2249 932 immanitate

441 959 679 1018 praecepti
706 971 1004 1003 consternata
1026 959 1171 1003 silens
1190 959 1500 1018 obstupescit.
1521 961 1661 1004 Tunc
1680 960 1930 1005 formicula
1951 961 2027 1004 illa
2049 960 2249 1019 paruula

440 1042 580 1088 atque
619 1031 847 1083 ruricula,
874 1042 998 1073 certa
1032 1030 1320 1073 difficultatis
1354 1042 1509 1073 tantae
1542 1031 1834 1090 laborisque,
1862 1032 2053 1076 miserta
2083 1042 2249 1074 contu-

441 1102 649 1146 bernalis
672 1102 831 1161 magni
859 1101 933 1145 dei
960 1116 1219 1160 socrusque
1240 1102 1491 1145 saeuitiam
1517 1115 1745 1157 execrata,
1767 1103 2040 1147 discurrens
2065 1103 2250 1146 nauiter

439 1186 673 1217 conuocat
727 1185 1039 1232 corrogatque
1085 1185 1304 1217 cunctam
1361 1172 1673 1218 formicarum
1718 1175 1987 1219 accolarum
2031 1175 2245 1219 classem.

436 1244 774 1298 ‘Miseremini,
816 1256 966 1289 terrae
1009 1245 1357 1303 omniparentis
1402 1245 1547 1304 agiles
1592 1246 1834 1301 alumnae,
1873 1245 2166 1291 miseremini
2206 1258 2250 1289 et

440 1316 635 1361 Amoris
672 1316 827 1370 uxori,
854 1317 1040 1376 puellae
1077 1316 1278 1376 lepidae,
1306 1316 1588 1376 periclitanti
1627 1329 1848 1378 prompta
1873 1318 2119 1362 uelocitate
2145 1332 2249 1362 suc-

440 1387 644 1432 currite‘.
690 1389 858 1433 Ruunt
892 1388 1010 1432 aliae
1051 1404 1290 1447 superque
1330 1389 1448 1433 aliae
1489 1391 1719 1448 sepedum
1761 1391 2053 1449 populorum
2094 1391 2249 1434 undae

441 1475 733 1518 summoque
793 1460 953 1503 studio
1009 1460 1225 1518 singulae
1280 1461 1515 1518 granatim
1562 1474 1722 1505 totum⁴
1755 1461 1979 1520 digerunt
2022 1476 2247 1505 aceruum

440 1530 797 1590 separatimque
818 1530 1086 1575 distributis
1104 1531 1379 1590 dissitisque
1401 1531 1657 1591 generibus
1677 1548 1699 1576 e
1719 1544 1974 1591 conspectu
1996 1531 2250 1592 perniciter

440 1603 633 1648 abeunt

594 1697 637 1725 ιι
681 1680 775 1728 Sed
797 1681 933 1726 initio
951 1681 1101 1725 noctis
1121 1697 1144 1725 e
1163 1682 1392 1726 conuiuio
1410 1682 1611 1740 nuptiali
1631 1681 1746 1726 uino
1763 1683 1962 1726 madens
1978 1694 2021 1726 et
2037 1682 2249 1741 fragrans

441 1751 653 1796 balsama
678 1753 844 1797 Venus
870 1765 1047 1797 remeat
1073 1764 1321 1811 totumque
1348 1753 1558 1797 reuincta
1583 1768 1756 1812 corpus
1789 1753 1908 1797 rosis
1943 1752 2246 1804 micantibus,

443 1823 640 1882 uisaque
675 1823 923 1883 diligentia
961 1823 1067 1868 miri
1104 1824 1280 1869 laboris
1308 1822 1419 1868 ‘non
1453 1822 1604 1869 tuum³
1628 1824 1784 1883 inquit
1811 1822 2137 1883 ‘nequissima,
2166 1839 2249 1868 nec

440 1906 630 1939 tuarum
672 1911 904 1939 manuum
947 1895 1070 1939 istud
1112 1911 1252 1953 opus,
1280 1896 1359 1940 sed
1402 1896 1545 1949 illius,
1573 1895 1646 1939 cui
1688 1908 1787 1949 tuo,
1828 1896 1977 1940 immo
2017 1908 2060 1940 et
2101 1895 2249 1953 ipsius

442 1966 568 2011 malo
593 1963 841 2026 placuisti'.
872 1967 930 2011 Et
964 1965 1112 2011 frusto
1138 1966 1302 2011 cibarii
1330 1967 1467 2027 panis
1491 1967 1531 2011 ei
1565 1967 1775 2028 proiecto
1805 1966 2019 2012 cubitum
2046 1966 2246 2012 facessit.

444 2038 641 2083 Interim
668 2039 860 2098 Cupido
886 2040 1016 2083 solus
1042 2039 1283 2083 interioris
1308 2041 1481 2084 domus
1514 2040 1741 2099 gunaecei
1769 2039 2006 2094 [cubiculi]
2037 2039 2249 2083 custodia

441 2110 630 2156 clausus
663 2110 1005 2157 coherccbatur
1045 2110 1232 2167 acriter,
1270 2110 1441 2171 partim
1486 2128 1543 2157 ne
1584 2111 1813 2171 petulanti
1853 2110 2035 2157 luxurie
2073 2110 2250 2156 uulnus

441 2194 677 2243 grauaret,
705 2183 877 2243 partim
916 2198 971 2228 ne
1002 2198 1110 2229 cum
1136 2199 1219 2229 sua
1244 2183 1402 2244 cupita
1439 2183 1734 2229 conueniret.
1773 2183 1852 2231 Sic
1886 2198 1999 2243 ergo
2033 2182 2249 2228 distentis

441 2267 485 2300 et
530 2255 618 2300 sub
659 2270 756 2300 uno
796 2267 916 2301 tecto
957 2255 1186 2315 separatis
1223 2256 1518 2301 amatoribus
1557 2268 1673 2301 tetra
1720 2271 1811 2300 nox
1851 2255 2107 2300 exanclata.
2156 2255 2249 2302 Sed

441 2330 628 2372 Aurora
669 2328 979 2372 commodum
1006 2327 1301 2386 inequitante
1328 2339 1521 2374 uocatae
1549 2328 1761 2388 Psychae
1785 2328 1950 2373 Venus
1976 2326 2078 2371 infit
2101 2326 2210 2371 talia
2237 2338 2245 2371 1

438 2398 665 2444 ‘Videsne
712 2398 828 2444 illud
877 2413 1064 2450 nemus,
1102 2400 1229 2458 quod
1271 2399 1420 2444 fluuio
1458 2399 1795 2458 praeterluenti
1837 2398 2050 2458 ripisque
2096 2398 2250 2458 longis

441 2470 721 2525 attenditur,
748 2470 883 2515 cuius
909 2470 991 2515 imi
1020 2470 1229 2531 gurgites
1261 2471 1477 2515 uicinum
1502 2470 1679 2516 fontem
1717 2470 2019 2531 despiciunt?
2046 2484 2160 2515 oues
2184 2469 2248 2514 ibi

442 2542 637 2586 nitentis
682 2542 784 2586 auri
830 2542 999 2587 decore
1044 2542 1268 2587 florentes
1313 2543 1601 2587 incustodito
1650 2554 1785 2602 pastu
1835 2553 2085 2602 uagantur.
2134 2542 2250 2586 Inde

442 2615 499 2658 de
534 2628 669 2658 coma
711 2614 906 2673 pretiosi
950 2614 1140 2658 uelleris
1180 2615 1377 2659 floccum
1425 2614 1542 2659 mihi
1584 2614 1833 2659 confestim
1872 2628 2067 2673 quoquo
2108 2613 2250 2657 modo

441 2686 710 2746 quaesitum
737 2685 922 2731 adferas
947 2685 1144 2731 censeo².

596 2774 645 2803 12
684 2759 899 2803 Perrexit
946 2759 1130 2819 Psyche
1178 2760 1409 2814 uolenter,
1459 2775 1551 2803 non
1599 2759 1885 2818 obsequium
1932 2757 2124 2817 quidem
2173 2758 2249 2802 illa

378 2846 392 2851 ’
442 2831 679 2886 functura,
706 2831 786 2875 sed
813 2831 1026 2890 requiem
1054 2831 1289 2876 malorum
1316 2831 1594 2891 praecipitio
1619 2830 1828 2876 fluuialis
1854 2830 1985 2889 rupis
2011 2830 2246 2875 habitura.

443 2903 537 2950 Sed
580 2904 689 2947 inde
728 2903 785 2947 de
825 2903 975 2946 fluuio
1017 2903 1223 2947 musicae
1265 2903 1426 2948 suauis
1462 2903 1715 2957 nutricula,
1755 2902 1847 2946 leni
1884 2902 2064 2961 crepitu
2098 2902 2249 2946 dulcis

443 2990 584 3020 aurae
616 2974 852 3020 diuinitus
885 2975 1133 3034 inspirata,
1166 2975 1230 3020 sic
1263 2975 1549 3020 uaticinatur
1579 2975 1765 3020 arundo
1795 2973 1963 3019 uiridis
1996 2974 2246 3034 :‘Psyche,

443 3047 585 3091 tantis
615 3047 860 3091 aerumnis
891 3047 1109 3102 exercita,
1137 3062 1290 3107 neque
1315 3059 1393 3091 tua
1425 3046 1694 3091 miserrima
1727 3057 1876 3090 morte
1908 3060 2036 3090 meas
2067 3057 2249 3090 sanctas

443 3135 591 3181 aquas
623 3119 808 3181 polluas
840 3134 923 3164 nec
957 3134 1070 3164 uero
1102 3119 1224 3165 istud
1258 3120 1403 3165 horae
1434 3131 1594 3164 contra
1627 3117 1955 3163 formidabiles
1984 3133 2099 3163 oues
2129 3118 2249 3163 feras
