2680 3690
1168 266 1468 310 „27-

424 382 508 437 fili,
533 397 782 442 nunquam
807 382 926 427 mihi
953 396 1178 427 concessu
1199 383 1343 427 deum
1364 383 1604 427 decretum
1632 382 1836 427 seruatis
1855 385 2108 436 honorem,
2135 384 2213 426 sed

425 454 549 498 istud
575 464 739 513 pectus
762 467 944 509 meum,
966 468 1062 513 quo
1084 454 1209 513 leges
1227 454 1571 499 elementorum
1599 466 1642 498 et
1666 455 1793 498 uices
1818 454 2028 498 siderum
2054 454 2216 513 dispo-

423 536 623 579 nuntur,
648 524 1008 570 conuulneraris
1032 525 1243 570 adsiduis
1268 525 1439 569 ictibus
1463 525 1735 585 crebrisque
1760 537 1972 570 terrenae
1999 524 2214 568 libidinis

423 596 689 642 foedaueris
713 596 901 642 casibus
920 608 1179 657 contraque
1199 597 1339 658 leges,
1362 609 1405 642 et
1424 597 1573 658 ipsam
1603 597 1794 652 Iuliam,
1816 597 2217 656 disciplinamque

423 668 664 729 publicam
710 668 932 729 turpibus
980 669 1226 714 adulteriis
1279 669 1677 714 existimationem
1728 670 2002 728 famamque
2058 683 2213 711 meam

424 741 631 797 laeseris,
659 741 703 785 in
731 752 993 801 serpentes,
1023 742 1068 785 in
1106 741 1257 802 ignes,
1284 742 1332 786 in
1365 741 1502 797 feraS,
1531 743 1575 786 in
1613 757 1726 786 aues
1761 754 1804 786 et
1837 741 2041 801 gregalia
2069 755 2216 800 pecua

424 826 616 858 serenos
640 812 804 857 uultus
828 826 960 858 meos
985 813 1172 858 sordide
1198 813 1517 869 reformando,
1545 825 1588 858 at
1612 825 1769 858 tamen
1797 813 2058 857 modestiae
2084 826 2217 856 meae

423 898 627 939 memor,
653 885 877 943 quodque
904 885 1026 928 inter
1050 885 1159 929 istas
1179 899 1307 928 meas
1331 899 1503 929 manus
1521 885 1746 945 erqueriS,
1767 896 1933 928 cuncta
1955 884 2215 943 perficiam,

422 956 537 1000 dum
579 966 737 999 tamen
779 955 896 999 scias
936 956 1150 999 aemulos
1188 968 1295 1000 tuos
1333 971 1500 1000 cauere
1540 971 1607 1010 ac„
1649 956 1784 1014 siqua
1823 970 1949 998 nunc
1996 955 2040 998 in
2082 955 2218 998 terris

424 1027 580 1087 puella
605 1027 866 1087 praepollet
889 1028 1262 1087 pulchritudine!
1294 1028 1553 1088 praesentis
1581 1027 1797 1073 beneficii
1827 1027 1976 1071 uicem
2006 1041 2087 1086 per
2112 1041 2214 1070 eam

423 1099 543 1144 mihi
576 1115 827 1160 repensare
851 1111 893 1144 te
918 1099 1117 1145 debere³.
1867 1094 1869 1096 '

569 1172 623 1216 23
661 1171 737 1218 Sic
781 1172 903 1216 fatus
949 1173 1079 1217 iubet
1123 1173 1415 1217 Mercurium
1464 1174 1578 1217 deos
1622 1187 1789 1216 omnes
1840 1173 1897 1216 ad
1942 1171 2213 1215 contionem

423 1244 643 1303 protinus
666 1259 948 1299 conuocare,
975 1259 1025 1288 ac
1050 1245 1172 1303 siqui
1198 1256 1331 1289 coetu
1359 1246 1631 1289 caelestium
1659 1244 1910 1298 defuisses‚
1938 1243 1985 1287 in
2012 1258 2213 1302 poenam

421 1316 584 1360 decem
596 1315 787 1360 milium
799 1331 1054 1360 nummum
1068 1329 1359 1361 conuentum
1375 1317 1428 1361 iri
1442 1316 1770 1377 pronuntiare.
1784 1315 1900 1374 Quo
1918 1327 2045 1359 metu
2060 1316 2214 1359 statim

422 1388 660 1448 completo
687 1388 873 1433 caelesti
899 1388 1081 1433 theatro
1106 1404 1190 1448 pro
1215 1389 1322 1433 sede
1349 1389 1543 1433 sublimi
1570 1389 1738 1433 sedens
1758 1403 1982 1448 procerus
2004 1388 2219 1447 Iuppiter

424 1460 488 1505 sic
522 1460 739 1505 enuntiat
777 1475 785 1505 :
822 1460 924 1506 ‘Dei
962 1461 1215 1523 conscripti
1247 1461 1498 1506 Musarum
1540 1461 1666 1516 albo,
1694 1461 2043 1505 adulescentem
2073 1460 2213 1502 istum

422 1534 551 1592 quod
592 1533 817 1577 manibus
856 1534 975 1577 meis
1014 1535 1287 1578 alumnatus
1321 1535 1431 1588 sim,
1464 1534 1674 1593 profecto
1710 1534 1837 1576 scitis
1866 1548 2051 1586 omnes,
2082 1533 2218 1575 cuius

423 1604 606 1664 primae
652 1604 914 1648 iuuentutis
953 1605 1182 1648 caloratos
1225 1606 1432 1664 impetus
1478 1605 1610 1648 freno
1645 1606 1852 1663 quodam
1899 1605 2218 1647 cohercendos

423 1677 710 1720 existimaui.
748 1678 830 1723 Sat
858 1689 925 1720 est
958 1678 1207 1721 cotidianis
1232 1692 1339 1720 eum
1368 1678 1541 1720 fabulis
1571 1678 1633 1720 ob
1665 1678 1896 1720 adulteria
1930 1689 2217 1734 cunctasque

422 1749 714 1807 corruptelas
762 1749 1062 1794 infamatum.
1109 1750 1343 1794 Tollenda
1388 1762 1455 1793 est
1499 1750 1658 1793 omnis
1708 1749 1891 1793 occasio
1940 1762 1982 1792 et
2032 1748 2217 1792 luxuria

422 1819 620 1878 puerilis
649 1820 944 1879 nuptialibus
968 1821 1145 1880 pedicis
1175 1821 1428 1880 alliganda.
1463 1821 1681 1865 Puellam
1713 1821 1851 1880 elegit
1876 1833 1919 1865 et
1944 1820 2216 1879 uirginitate

423 1891 633 1950 priuauit
655 1905 663 1936 :
687 1905 842 1937 teneat
861 1893 1115 1952 possideat„
1137 1893 1384 1951 amplexus
1406 1893 1623 1951 Psychen
1646 1908 1835 1951 semper
1855 1892 1952 1936 suis
1972 1891 2218 1936 amoribus

423 1962 722 2022 perfruatur³.
752 1965 809 2008 Et
842 1964 898 2007 ad
923 1965 1156 2008 Venerem
1191 1964 1374 2008 conlata
1398 1963 1513 2008 facie
1536 1962 1636 2008 ‘nec
1666 1962 1732 2008 tu‘
1755 1964 1909 2022 inquit
1931 1964 2057 2017 wilia,
2084 1964 2216 2021 quic-

422 2049 566 2093 quam
592 2035 885 2089 contristere,
907 2050 990 2079 nec
1007 2036 1254 2094 prosapiae
1271 2047 1426 2079 tantae
1447 2047 1553 2080 tuae
1574 2036 1812 2093 statuique
1832 2036 1888 2079 de
1909 2035 2217 2078 matrimonio

422 2106 609 2151 mortali
635 2118 835 2152 metuas.
861 2108 959 2152 Iam
982 2107 1086 2152 faxo
1112 2107 1302 2166 nuptias
1328 2122 1419 2152 non
1448 2107 1674 2167 impares,
1700 2108 1778 2152 sed
1802 2107 2035 2167 legitimas
2058 2119 2100 2151 et
2125 2107 2215 2151 iuri

422 2178 551 2225 ciuili
577 2179 839 2240 congruas'.
865 2180 922 2226 Et
942 2179 1048 2225 ilico
1069 2195 1151 2240 per
1171 2179 1465 2226 Mercurium
1490 2179 1644 2240 adripi
1664 2180 1879 2240 Psychen
1901 2191 1944 2225 et
1964 2179 2009 2226 in
2032 2179 2213 2225 caelum

422 2251 616 2313 perduci
644 2251 773 2298 iubet
795 2264 839 2298 et
863 2264 1076 2313 porrecto
1096 2252 1363 2298 ambrosiae
1384 2253 1556 2313 poculo
1572 2251 1739 2298 ‘sume'
1760 2252 1914 2313 inquit
1933 2253 2152 2314 Psyche,
2176 2265 2217 2298 et

423 2325 709 2370 immortalis
739 2337 856 2380 esto,
883 2340 967 2370 nec
1000 2340 1214 2385 unquam
1251 2325 1545 2386 digredietur
1579 2342 1601 2370 a
1638 2338 1719 2371 tuo
1747 2341 1866 2370 nexu
1898 2326 2106 2386 Cupido,
2134 2327 2214 2370 sed

426 2397 539 2442 istae
564 2397 703 2442 uobis
728 2399 1147 2458 eruntsperpetuae
1174 2396 1395 2457 nuptiae³.

568 2491 626 2533 24
662 2476 761 2521 Nec
787 2491 937 2530 mora,
964 2491 1069 2520 cum
1104 2491 1216 2520 cena
1253 2476 1480 2535 nuptialis
1510 2476 1693 2520 afluens
1725 2477 1988 2521 exhibetur.
2016 2481 2215 2521 Accum-

423 2547 563 2592 bebat
596 2562 841 2592 summum
882 2560 1036 2592 torum
1077 2547 1295 2603 marum,
1328 2548 1545 2607 Psychen
1581 2548 1764 2608 gremio
1800 2563 1885 2592 suo
1920 2549 2212 2607 complexus.

423 2618 501 2665 Sic
541 2631 584 2663 et
608 2635 715 2663 cum
754 2636 836 2664 sua
872 2620 1056 2664 Iunone
1095 2619 1310 2678 Iuppiter
1346 2635 1396 2663 ac
1431 2619 1605 2664 deinde
1642 2636 1726 2678 per
1749 2620 1967 2665 ordinem
2008 2621 2088 2665 toti
2122 2621 2212 2665 dei.

421 2691 560 2735 Tunc
580 2690 807 2750 poculum
833 2692 1049 2746 nectariS‚
1076 2691 1203 2750 quod
1227 2691 1396 2736 uinum
1417 2691 1615 2736 deorum
1644 2703 1731 2747 est,
1754 2692 1857 2736 Ioui
1879 2692 2072 2750 quidem
2102 2708 2216 2737 suus

422 2762 669 2823 pocillator
688 2762 764 2809 ille
784 2763 987 2809 rusticus
1007 2779 1142 2823 puer,
1163 2763 1328 2809 ceteris
1348 2778 1464 2809 uero
1482 2762 1624 2809 Liber
1640 2763 2216 2809 ministrabat.Vulcanus

421 2850 586 2881 cenam
613 2836 865 2895 coquebat,
887 2837 1046 2882 Horae
1067 2836 1185 2881 rosis
1209 2847 1252 2881 et
1269 2835 1434 2881 ceteris
1456 2835 1655 2881 floribus
1675 2836 2009 2896 purpurabant
2032 2836 2213 2891 omnia„

421 2907 612 2954 Gratiae
669 2908 953 2969 spargebant
996 2908 1225 2964 balsama,
1272 2908 1438 2952 Musae
1485 2922 1600 2952 uoce
1651 2922 1823 2953 canora
1876 2909 2213 2968 personabant,

420 2980 595 3039 Apollo
619 2982 828 3025 cantauit
862 2981 918 3026 ad
943 2980 1190 3036 citharam,
1216 2982 1380 3025 Venus
1415 2980 1551 3024 suaui
1584 2980 1793 3025 musicae
1825 2981 2018 3040 suppari
2051 2996 2212 3040 gressu

421 3051 666 3098 formonsa
701 3053 908 3109 saltauit‚
946 3069 1111 3099 scaena
1149 3053 1237 3099 sibi
1278 3053 1342 3098 sic
1377 3052 1678 3108 concinnata,
1719 3065 1770 3098 ut
1810 3053 1977 3099 Musae
2017 3053 2211 3113 quidem

422 3123 621 3168 chorum
658 3137 899 3181 canerent,
932 3125 1070 3170 tibias
1112 3125 1294 3170 inflaret
1334 3124 1536 3171 Saturus
1564 3136 1607 3169 et
1644 3124 1877 3169 Paniscus
1911 3126 1966 3169 ad
2005 3126 2209 3170 fistulam

2266 1036 2316 1063 Is)

2269 1397 2274 1423 ι
2293 1383 2314 1424 5

2259 2835 2277 2848 ι)
2294 2837 2308 2841 -

2258 2851 2312 2879 D?

423 3196 614 3241 diceret.
648 3197 727 3244 Sic
761 3198 846 3243 rite
873 3198 1056 3258 Psyche
1081 3198 1307 3243 conuenit
1331 3197 1378 3241 in
1410 3212 1610 3241 manum
1645 3197 1904 3256 Cupidinis
1940 3209 1981 3241 et
2006 3197 2215 3242 nascitur
2254 3216 2313 3257 40

422 3266 513 3314 illis
537 3280 726 3315 maturo
751 3281 887 3332 partu
913 3270 1027 3325 filia,
1049 3285 1195 3332 quarn
1219 3270 1524 3332 Voluptatem
1550 3269 1876 3316 nominamus
