2680 3690
358 1042 407 1069 10

358 1386 405 1429 15

349 2471 406 2513 30

1220 239 1486 283 -6-

449 369 588 413 Tunc
614 368 873 428 uirginitati
902 385 1013 414 suae
1038 385 1125 430 pro
1148 381 1277 415 tanta
1310 369 1568 415 solitudine
1601 381 1820 415 metuens
1851 381 1893 415 et
1916 382 2059 430 pauet
2082 383 2124 415 et
2149 371 2251 415 hor-

451 440 589 485 rescit
633 452 677 485 et
720 441 895 500 quouis
940 441 1068 485 malo
1113 443 1221 501 plus
1265 442 1398 487 timet
1438 443 1565 501 quod
1608 442 1809 502 ignorat.
1854 442 2050 501 Iamque
2095 443 2255 487 aderat

452 512 679 572 ignobilis
716 512 916 557 maritus
952 525 997 557 et
1035 525 1192 558 torum
1236 514 1535 558 inscenderat
1573 525 1616 558 et
1657 528 1851 558 uxorem
1897 512 1986 558 sibi
2036 513 2250 573 Psychen

450 583 621 628 fecerat
660 596 704 628 et
748 596 855 629 ante
901 584 1019 628 lucis
1064 597 1279 630 exortum
1326 600 1528 645 propere
1567 585 1860 630 discesserat.
1903 584 2074 632 Statim
2115 601 2254 630 uoces

451 656 671 701 cubiculo
697 657 1009 715 praestolatae
1035 672 1211 701 nouam
1238 670 1437 717 nuptam
1465 657 1735 703 interfectae
1761 657 2047 717 uirginitatis
2070 669 2252 702 curant.

454 729 585 772 Haec
609 727 798 772 diutino
823 739 1038 787 tempore
1063 728 1127 772 sic
1152 728 1431 788 agebantur.
1454 732 1628 788 Atque,
1650 741 1700 774 ut
1723 741 1791 773 est
1810 740 1976 774 natura
1997 728 2252 782 redditum,

452 799 640 844 nouitas
662 815 746 859 per
765 800 1014 844 adsiduam
1035 801 1433 845 consuetudinem
1454 801 1813 846 delectationem
1835 801 1874 845 ei
1898 801 2254 846 commendarat

450 883 493 916 et
509 887 657 916 sonus
671 872 803 916 uocis
821 872 1027 917 incertae
1044 871 1320 917 solitudinis
1337 885 1434 917 erat
1450 873 1696 918 solacium.
1719 874 1902 917 Interea
1919 885 2136 931 parentes
2151 872 2253 917 eius

451 943 687 988 indefesso
722 944 849 988 luctu
885 955 1024 1002 atque
1060 959 1274 988 maerore
1311 945 1729 999 consenescebant,
1773 944 2006 1004 latiusque
2040 956 2253 1004 porrecta

449 1014 573 1059 fama
611 1031 798 1060 sorores
837 1015 942 1060 illae
982 1016 1187 1060 maiores
1223 1028 1390 1061 cuncta
1428 1028 1689 1077 cognorant
1726 1031 2022 1076 propereque
2048 1028 2252 1061 maestae

449 1099 588 1146 atque
615 1088 840 1148 lugubres
864 1088 1050 1132 deserto
1076 1089 1170 1132 lare
1196 1089 1407 1132 certatim
1435 1090 1491 1133 ad
1525 1101 1773 1147 parentum
1808 1103 2002 1132 suorum
2034 1103 2252 1147 conspec-

449 1171 551 1203 tum
576 1159 884 1218 adfatumque
917 1171 1238 1218 perrexerant.

572 1231 595 1274 5
635 1231 702 1275 Ea
729 1242 863 1275 nocte
888 1231 944 1275 ad
971 1246 1104 1275 suam
1135 1231 1353 1290 Psychen
1382 1231 1447 1276 sic
1473 1231 1574 1276 infit
1601 1231 1798 1275 maritus
1821 1234 2043 1288 (namque
2069 1242 2253 1288 praeter

449 1302 612 1345 oculos
652 1313 695 1345 et
727 1302 949 1346 manibus
989 1314 1032 1346 et
1072 1302 1270 1346 auribus
1311 1302 1348 1345 is
1389 1301 1508 1346 nihil
1551 1317 1644 1346 non
1688 1301 1992 1346 sentiebaturl
2020 1320 2028 1344 :
2053 1301 2252 1359 ‘Psyche

449 1371 725 1416 dulcissima
751 1383 793 1417 et
826 1387 929 1417 cara
968 1387 1102 1426 uxor,
1129 1371 1367 1417 exitiabile
1402 1371 1486 1416 tibi
1525 1372 1788 1431 periculum
1823 1372 2031 1416 minatur
2065 1371 2252 1416 fortuna

450 1443 654 1497 saeuior„
682 1443 809 1503 quod
841 1443 1199 1489 obseruandum
1232 1443 1467 1504 pressiore
1499 1444 1679 1489 cautela
1711 1460 1895 1489 censeo.
1930 1443 2129 1491 Sorores
2160 1443 2250 1488 iam

448 1528 556 1560 tuae
612 1515 778 1560 mortis
823 1516 1051 1577 opinione
1107 1516 1321 1562 turbatae
1376 1528 1610 1576 tuumque
1658 1516 1910 1577 uestigium
1961 1516 2253 1576 requirentes

449 1589 700 1647 scopulum
740 1589 880 1632 istum
921 1589 1140 1648 protinus
1177 1589 1395 1642 aderunt,
1435 1604 1638 1647 quarum
1679 1590 1839 1647 siquas
1875 1588 1993 1633 forte
2031 1590 2251 1633 lamenta-

449 1659 602 1704 tiones
626 1660 882 1719 acceperis,
911 1676 1065 1719 neque
1098 1660 1405 1720 respondeaS‚
1434 1660 1582 1704 immo
1616 1676 1700 1704 nec
1732 1660 1993 1720 prospicias
2023 1659 2251 1712 omninoz,

448 1737 655 1776 ceter'um
695 1733 810 1776 mihi
849 1734 1043 1792 quidem
1083 1733 1422 1793 grauissimum
1462 1733 1697 1786 dolorem,
1735 1733 1819 1777 tibi
1859 1748 1972 1777 uero
2009 1747 2250 1777 summum

448 1804 630 1848 creabis
655 1804 881 1848 exitium'.
907 1805 1090 1849 Adnuit
1110 1817 1153 1848 et
1174 1820 1225 1847 ex
1251 1804 1448 1847 arbitrio
1468 1803 1623 1847 mariti
1651 1818 1698 1847 se
1724 1804 1950 1848 facturam
1979 1803 2250 1862 spopondit.

449 1875 543 1921 Sed
571 1891 627 1919 eo
652 1876 793 1920 simul
820 1892 927 1920 cum
955 1889 1088 1920 nocte
1114 1877 1298 1936 dilapso
1318 1876 1444 1920 diem
1465 1888 1616 1920 totum
1640 1875 1846 1920 lacrimis
1866 1890 1917 1920 ac
1942 1874 2253 1935 plangoribus

449 1948 631 1992 misella
663 1949 920 2002 consumit,
960 1965 1007 1992 se
1047 1965 1174 1992 nunc
1213 1949 1416 1992 maxime
1455 1963 1649 2007 prorsus
1687 1949 1865 2008 perisse
1903 1947 2095 2002 iterans,
2132 1962 2252 2006 quae

449 2020 571 2063 beati
597 2020 798 2063 carceris
828 2021 1042 2064 custodia
1075 2033 1204 2078 septa
1236 2033 1279 2063 et
1315 2021 1549 2063 humanae
1584 2019 1964 2063 conuersationis
1998 2019 2254 2077 conloquio

449 2091 642 2136 uiduata
659 2106 742 2135 nec
757 2091 1004 2136 sororibus
1018 2091 1243 2150 [quidem]
1259 2092 1356 2135 suis
1370 2092 1427 2135 de
1441 2107 1487 2135 se
1505 2090 1828 2136 maerentibus
1842 2106 1982 2151 opem
1999 2090 2251 2135 salutarem

449 2163 569 2207 ferre
594 2179 645 2207 ac
672 2179 728 2207 ne
754 2163 917 2207 uidere
942 2179 1020 2207 eas
1044 2164 1238 2222 quidem
1265 2164 1465 2207 omnino
1490 2175 1664 2222 posset.
1696 2164 1794 2207 Nec
1821 2163 2010 2207 lauacro
2040 2177 2124 2206 nec
2147 2162 2253 2206 cibo

451 2251 533 2279 nec
581 2236 673 2279 ulla
718 2235 926 2293 denique
973 2235 1225 2279 refectione
1272 2248 1495 2290 recreata,
1543 2235 1661 2279 flens
1707 2235 1911 2279 ubertim
1958 2234 2157 2279 decessit
2195 2234 2252 2278 ad

449 2323 692 2351 somnum.

568 2387 596 2426 Γ)
634 2387 733 2429 Nec
774 2401 924 2439 mora,
961 2401 1068 2429 cum
1111 2386 1253 2444 paulo
1294 2385 1527 2429 maturius
1569 2386 1739 2429 lectum
1783 2384 1981 2429 maritus
2020 2383 2253 2428 accubans

448 2473 649 2515 eamque
670 2458 812 2500 etiam
836 2472 962 2500 nunc
983 2457 1310 2500 lacrimantem
1331 2457 1607 2515 complexus
1624 2457 1688 2500 sic
1709 2456 1974 2515 expostulat
1996 2472 2003 2499 :
2023 2455 2253 2500 ‘Haecine

449 2528 562 2573 mihi
592 2528 897 2588 pollicebare,
922 2529 1104 2588 Psyche
1127 2530 1259 2572 mea?
1287 2528 1401 2586 quid
1425 2528 1516 2572 iam
1537 2529 1594 2572 de
1614 2540 1656 2572 te
1676 2539 1786 2572 tuus
1811 2528 2010 2571 maritus
2030 2527 2251 2586 expecto?

448 2601 562 2659 quid
604 2602 772 2660 spero?
815 2613 858 2645 et
899 2601 1061 2660 perdia
1103 2612 1146 2644 et
1186 2615 1366 2659 pernox
1407 2615 1491 2644 nec
1533 2600 1653 2644 inter
1692 2600 1939 2659 amplexus
1983 2598 2254 2659 coniugales

447 2673 627 2718 desinis
661 2673 941 2717 cruciatum.
969 2677 1069 2732 Age
1103 2673 1194 2716 iam
1229 2688 1354 2716 nunc
1387 2685 1435 2716 ut
1468 2673 1617 2726 uoles,
1645 2684 1688 2716 et
1718 2672 1882 2715 animo
1912 2683 1992 2714 tuo
2023 2671 2252 2715 damnosa

449 2745 661 2804 poscenti
699 2748 887 2803 pareto!
927 2757 1109 2789 tantum
1148 2744 1424 2788 memineris
1462 2760 1593 2787 meae
1627 2744 1775 2787 seriae
1813 2743 2108 2796 monitionis,
2145 2758 2252 2785 cum

385 2831 399 2837 ”
448 2816 660 2875 coeperis
694 2832 799 2861 sero
832 2816 1102 2875 paenitere'.
1130 2817 1268 2859 Tunc
1295 2816 1371 2859 illa
1407 2816 1628 2875 precibus
1662 2828 1705 2858 et
1739 2817 1853 2859 dum
1891 2830 1938 2858 se
1973 2814 2251 2859 morituram

447 2889 773 2934 comminatur
807 2901 1054 2946 extorquet
1088 2905 1111 2931 a
1148 2890 1319 2932 marito
1352 2889 1525 2946 cupitis
1560 2889 1753 2938 adnuat,
1783 2899 1831 2929 ut
1866 2901 2051 2929 sorores
2077 2886 2251 2940 uideat,

449 2960 602 3005 luctus
629 2960 850 3015 mulceat,
877 2976 959 3004 ora
985 2959 1210 3004 conferat.
1240 2959 1319 3007 Sic
1339 2959 1415 3004 ille
1441 2976 1594 3004 nouae
1621 2972 1795 3018 nuptae
1817 2959 2038 3018 precibus
2064 2959 2252 3002 ueniam

448 3033 614 3077 tribuit
639 3045 682 3078 et
703 3034 899 3093 insuper
917 3032 1302 3093 quibuscumque
1325 3032 1465 3077 uellet
1484 3047 1561 3078 eas
1580 3031 1681 3077 auri
1704 3031 1778 3076 uel
1800 3029 2054 3076 monilium
2075 3031 2252 3075 donare

448 3107 698 3163 concessit7
720 3107 800 3151 sed
823 3106 1083 3152 identidem
1108 3106 1293 3152 monuit
1313 3121 1364 3152 ac
1384 3120 1521 3168 saepe
1542 3104 1724 3159 terruit,
1745 3119 1802 3149 ne
1822 3103 2013 3165 quando
2033 3118 2249 3151 sororum
