2680 3690
1212 278 1265 285 ..-
1334 254 1388 296 25
1455 278 1510 285 ...-

617 383 670 425 18
697 384 991 439 Lacedaemo
1009 382 1218 427 Achaiae
1238 383 1413 427 nobilis
1431 383 1598 427 ciuitas
1619 400 1712 427 non
1736 384 1873 442 longe
1894 385 1979 428 sita
1997 398 2065 428 est
2087 403 2095 427 :
2117 384 2261 429 huius

466 453 835 508 conterminam,
860 453 1014 499 deuiis
1038 453 1247 499 abditam
1273 454 1403 510 locis,
1429 470 1602 514 quaere
1634 455 1927 500 Taenarum.
1958 454 2083 500 Inibi
2110 454 2260 514 spira-

466 526 629 571 culum
667 525 789 571 Ditis
825 538 869 571 et
904 542 987 585 per
1023 538 1182 585 portas
1219 526 1402 572 hiantes
1442 539 1734 572 monstratur
1771 527 1858 573 iter
1883 527 2092 582 inuium,
2117 527 2192 572 cui
2219 540 2260 573 te

466 596 616 643 limite
646 609 935 643 transmeato
966 597 1108 643 simul
1139 597 1455 654 commiseriS,
1483 598 1576 644 iam
1605 598 1765 644 canale
1796 598 1974 644 directo
2005 613 2172 659 perges
2203 599 2257 643 ad

467 668 620 729 ipsam
659 668 773 715 Orci
815 669 1009 730 regiam.
1053 668 1146 717 Sed
1192 685 1287 715 non
1335 670 1563 716 hactenus
1603 685 1752 716 uacua
1797 670 1993 716 debebis
2033 685 2116 729 per
2159 670 2261 715 illas

465 740 684 786 tenebras
729 740 964 796 incedere,
1004 742 1083 787 sed
1128 741 1243 786 offas
1287 742 1504 801 polentae
1544 742 1702 787 mulso
1745 753 1987 787 concretas
2026 742 2261 786 ambabus

466 823 645 871 gestare
671 811 913 868 manibus,
940 823 985 857 at
1020 812 1065 857 in
1094 812 1195 872 ipso
1220 827 1300 858 ore
1331 813 1448 858 duas
1479 812 1597 859 ferre
1629 813 1789 873 stipes.
1820 813 2019 872 Iamque
2051 811 2261 858 confecta

466 883 589 929 bona
614 895 744 943 parte
769 883 1039 930 mortiferae
1064 884 1170 930 uiae
1194 884 1512 930 continaberis
1542 885 1767 930 claudum
1799 884 1989 929 asinum
2018 884 2257 944 lignorum

465 956 686 1015 gerulum
725 970 835 1000 cum
875 971 1078 1016 agasone
1119 956 1282 1012 simili,
1324 956 1404 1016 qui
1450 969 1493 1001 te
1530 956 1714 1017 rogabit
1752 955 2013 1001 decidentis
2050 955 2261 1000 sarcinae

464 1027 711 1072 fusticulos
743 1027 929 1087 aliquos
954 1028 1168 1089 porrigas
1193 1028 1262 1083 ei,
1300 1029 1379 1073 sed
1415 1040 1463 1072 tu
1502 1021 1631 1073 nulla
1657 1043 1773 1073 uoce
1804 1028 2086 1087 deprompta
2123 1027 2260 1072 tacita

465 1100 734 1160 praeterito.
764 1100 863 1145 Nec
898 1115 1049 1155 mora,
1080 1116 1188 1145 cum
1224 1101 1281 1145 ad
1316 1100 1495 1146 flumen
1527 1112 1774 1146 mortuum
1809 1099 1992 1154 uenieS,
2018 1099 2091 1144 cui
2126 1115 2260 1159 prae-

463 1171 612 1217 fectus
630 1173 820 1218 Charon
843 1185 1071 1232 protenus
1090 1185 1312 1232 expetens
1332 1173 1619 1232 portorium,
1641 1172 1705 1217 sic
1727 1173 1783 1217 ad
1809 1172 1961 1231 ripam
1983 1172 2256 1217 ulteriorem

465 1244 591 1289 sutili
627 1244 800 1289 cumba
830 1244 1021 1290 deducit
1054 1257 1391 1290 commeantes.
1422 1246 1548 1305 Ergo
1583 1256 1627 1289 et
1660 1245 1784 1288 inter
1819 1255 2033 1287 mortuos
2061 1245 2258 1288 auaritia

465 1315 604 1370 uiuit,
627 1330 711 1359 nec
729 1316 919 1361 Charon
943 1316 1017 1359 ille
1040 1317 1113 1359 uel
1137 1316 1257 1360 Ditis
1278 1328 1425 1375 pater,
1444 1327 1602 1359 tantus
1622 1317 1758 1369 deus,
1776 1315 2035 1374 quicquam
2055 1316 2259 1374 gratuito

464 1387 589 1441 facit,
615 1399 683 1430 set
719 1388 929 1431 moriens
960 1403 1142 1446 pauper
1166 1388 1394 1431 uiaticum
1432 1388 1572 1431 debet
1607 1402 1853 1445 quaerere,
1880 1399 1923 1430 et
1961 1402 2038 1430 aes
2068 1388 2102 1429 si
2143 1387 2259 1430 forte

464 1474 575 1517 prae
610 1474 754 1502 manu
789 1474 881 1502 non
913 1459 1072 1514 fuerit,
1099 1475 1239 1503 nemo
1264 1475 1375 1503 eum
1400 1460 1613 1518 expirare
1638 1458 1858 1518 patietur.
1890 1458 2016 1502 Huic
2042 1458 2260 1516 squalido

420 1547 423 1550 ·
464 1530 563 1574 seni
589 1530 724 1575 dabis
756 1530 885 1574 nauli
919 1530 1113 1575 nomine
1139 1531 1195 1574 de
1227 1531 1431 1589 stipibus
1461 1546 1580 1589 quas
1611 1529 1732 1574 feres
1762 1530 1977 1584 alteram,
2005 1530 2068 1573 sic
2099 1542 2256 1574 tamen

464 1615 514 1647 ut
538 1602 637 1662 ipse
662 1619 746 1647 sua
771 1618 916 1647 manu
942 1603 998 1647 de
1018 1614 1099 1647 tuo
1123 1615 1280 1647 sumat
1298 1618 1395 1647 ore.
1421 1603 1520 1647 Nec
1540 1602 1687 1646 setius
1706 1601 1788 1646 tibi
1812 1602 2003 1661 pigrum
2023 1602 2257 1646 fluentum

463 1674 773 1719 transmeanti
810 1675 1009 1734 quidam
1049 1687 1363 1735 supernatans
1403 1690 1546 1719 senex
1586 1686 1807 1719 mortuus
1843 1675 1993 1734 putris
2029 1674 2259 1719 adtollens

464 1761 635 1792 manus
659 1747 813 1792 orabit
837 1759 887 1792 ut
911 1762 1018 1792 eum
1051 1747 1171 1792 intra
1198 1747 1447 1807 nauigium
1474 1747 1658 1802 trahas,
1693 1762 1777 1791 nec
1809 1759 1857 1791 tu
1890 1744 2047 1791 tamen
2082 1746 2258 1790 inlicita

464 1819 710 1863 adflectare
735 1819 924 1878 pietate.

616 1911 666 1956 19
701 1897 925 1942 Transito
950 1897 1100 1942 fluuio
1125 1897 1368 1942 modicum
1401 1909 1443 1942 te
1476 1911 1774 1957 progressam
1808 1899 2019 1942 textrices
2053 1898 2260 1942 orabunt

463 1983 600 2024 anus,
626 1969 768 2014 telam
794 1980 1045 2024 struentes,
1066 1983 1238 2013 manus
1263 1969 1507 2029 paulisper
1530 1969 1890 2027 accommodes3
1918 1983 2001 2013 nec
2027 1969 2072 2013 id
2099 1980 2256 2013 tamen

461 2040 545 2084 tibi
567 2041 840 2100 contingere
860 2041 928 2084 fas
947 2052 1030 2085 est.
1056 2041 1179 2085 Nam
1207 2042 1320 2084 haec
1339 2041 1503 2084 omnia
1528 2041 1612 2084 tibi
1638 2052 1681 2084 et
1706 2042 1853 2084 multa
1874 2041 1963 2084 alia
1983 2042 2039 2085 de
2060 2041 2259 2085 Veneris

463 2110 649 2156 insidiis
686 2111 917 2167 orientur,
951 2124 1000 2157 ut
1037 2112 1111 2156 uel
1151 2126 1294 2156 unam
1334 2112 1390 2157 de
1428 2111 1653 2156 manibus
1689 2112 1880 2156 omittas
1916 2111 2129 2156 offulam.
2160 2112 2259 2155 Nec

463 2195 599 2243 putes
630 2183 761 2229 futile
787 2183 910 2229 istud
942 2184 1262 2244 polentacium
1295 2185 1529 2229 damnum
1562 2184 1682 2228 leue.
1711 2184 1868 2229 Altera
1900 2183 2029 2228 enim
2056 2184 2256 2243 perdita,

463 2256 541 2300 lux
562 2256 674 2300 haec
693 2255 777 2300 tibi
794 2270 988 2315 prorsus
1007 2256 1335 2315 denegabitur.
1354 2256 1501 2302 Canis
1523 2271 1730 2315 namque
1747 2255 2055 2315 praegrandis
2074 2256 2258 2315 teriugo

462 2339 505 2372 et
529 2327 641 2372 satis
665 2328 826 2387 amplo
851 2327 1001 2386 capite
1026 2327 1285 2386 praedituS,
1310 2327 1539 2372 immanis
1560 2339 1602 2372 et
1626 2327 1961 2381 formidabilis,
1983 2326 2258 2371 tonantibus

462 2398 703 2444 oblatrans
742 2398 977 2453 faucibuS,
1018 2410 1251 2454 mortuOS,
1293 2398 1470 2458 quibus
1511 2399 1603 2443 iam
1648 2399 1712 2443 nil
1754 2400 1864 2442 mali
1900 2411 2052 2458 potest
2088 2399 2255 2452 facere,

462 2471 634 2515 frustra
647 2471 922 2524 territando,
944 2484 1050 2514 ante
1071 2471 1228 2529 ipsum
1248 2471 1393 2515 limen
1415 2483 1459 2515 et
1478 2484 1576 2516 atra
1596 2472 1711 2515 atria
1733 2471 2048 2530 Proserpinae
2070 2486 2257 2529 semper

462 2543 716 2598 excubans,
754 2556 910 2588 seruat
949 2557 1149 2587 uacuam
1194 2542 1315 2588 Ditis
1354 2543 1574 2588 domum.
1605 2544 1750 2589 Hunc
1785 2542 2068 2588 offrenatum
2112 2542 2256 2587 unius

461 2616 633 2661 offulae
658 2617 831 2675 praeda
856 2615 987 2660 facile
1013 2615 1290 2675 praeteribis
1315 2616 1372 2660 ad
1393 2616 1645 2676 ipsamque
1669 2615 1888 2676 protinus
1914 2615 2252 2675 Proserpinam

463 2688 700 2744 introibiS,
722 2703 842 2748 quae
866 2699 908 2733 te
933 2687 1131 2733 comiter
1150 2687 1349 2748 excipiet
1369 2703 1420 2733 ac
1440 2688 1664 2749 benigne,
1686 2701 1737 2734 ut
1756 2700 1798 2734 et
1821 2687 2026 2734 molliter
2050 2687 2254 2733 assidere

461 2773 504 2806 et
533 2760 788 2821 prandium
828 2762 1022 2821 opipare
1060 2761 1255 2806 suadeat
1291 2776 1497 2807 sumere.
1542 2761 1636 2809 Sed
1677 2773 1725 2807 tu
1767 2774 1809 2806 et
1847 2762 1978 2806 humi
2022 2760 2173 2806 reside
2213 2772 2256 2806 et

461 2848 634 2893 panem
676 2833 919 2878 sordidum
965 2833 1160 2892 petitum
1204 2845 1320 2886 esto,
1361 2833 1532 2879 deinde
1571 2834 1805 2889 nuntiato,
1847 2834 1962 2893 quid
2002 2833 2255 2878 adueneris

460 2904 775 2964 susceptoque
800 2905 927 2964 quod
958 2904 1180 2949 offeretur
1214 2920 1379 2950 rursus
1414 2920 1632 2951 remeans
1666 2906 1794 2950 canis
1830 2906 2075 2950 saeuitiem
2111 2905 2254 2950 offula

461 2977 642 3037 reliqua
677 2977 874 3032 redime,
901 2992 952 3021 ac
984 2977 1154 3021 deinde
1192 2992 1336 3021 auaro
1374 2978 1562 3022 nauitae
1600 2979 1707 3023 data
1741 2993 1884 3037 quam
1924 2992 2254 3022 reseruaueras

460 3049 579 3109 stipe
623 3048 916 3108 transitoque
956 3049 1057 3093 eius
1101 3048 1251 3093 fluuio
1291 3049 1527 3094 recalcans
1572 3050 1731 3109 priora
1771 3049 1969 3109 uestigia
2009 3050 2066 3093 ad
2109 3049 2249 3093 istum

460 3121 733 3168 caelestium
758 3121 969 3167 siderum
1001 3120 1151 3167 redies
1180 3122 1397 3167 chorum.
1426 3121 1521 3170 Sed
1548 3122 1669 3169 inter
1692 3123 1854 3167 omnia
1880 3122 1967 3167 hoc
1992 3122 2252 3167 obseruan-

2311 1046 2359 1072 Η)

2311 1409 2316 1434 1
2335 1395 2356 1434 ὃ

2302 1766 2358 1796 20

2302 2119 2355 2162 25

2299 2478 2355 2522 30
