2680 3690
364 1064 413 1092 10

363 1410 409 1451 15

354 1783 411 1811 ’ΖΟ

352 2491 409 2533 ‘50

351 2852 405 2896 35

1229 277 1498 318 „4-

464 396 677 455 Psychen
706 396 763 440 ad
789 396 1072 440 destinatam
1101 411 1303 454 poenam
1336 395 1631 455 efflagitabat.
1673 394 1897 439 Perfectis
1932 394 2075 455 igitur
2106 394 2263 440 feralis

460 467 654 513 thalami
681 484 787 513 cuni
816 484 1007 512 summo
1034 484 1246 512 maerore
1273 468 1586 513 sollemnibus
1610 480 1706 512 toto
1736 481 2052 527 prosequente
2084 468 2262 527 populo

459 540 626 584 uiuum
655 540 934 599 producitur
958 540 1118 593 funuS,
1146 552 1188 584 et
1214 540 1458 584 lacrimosa
1481 540 1661 600 Psyche
1678 539 1931 584 comitatur
1950 554 2044 583 non
2072 539 2263 599 nuptias

459 612 538 656 sed
564 612 815 670 exsequias
838 628 963 656 suaS.
992 616 1059 656 Ac
1089 613 1202 655 dum
1240 613 1403 656 maesti
1441 624 1660 671 parentes
1695 624 1737 655 et
1772 623 1902 655 tanto
1937 611 2062 655 malo
2097 611 2259 670 perciti

459 683 693 728 nefarium
740 683 922 727 facinus
963 683 1186 741 perficere
1227 696 1527 736 cunctantur,
1571 683 1684 742 ipsa‘
1713 684 1789 726 illa
1836 683 1931 726 filia
1969 683 2143 727 talibus
2182 697 2262 727 eos

457 755 737 799 adhortatur
758 755 957 798 uocibus
977 773 984 797 :
1004 754 1155 811 ‘Quid
1182 754 1418 798 infelicem
1438 767 1673 798 senectam
1696 754 1804 798 fletu
1820 755 2006 798 diutino
2021 754 2257 798 cruciatis?

457 826 572 885 quid
614 826 835 885 spiritum
878 840 1107 879 uestrum,
1147 826 1224 883 qui
1270 826 1421 884 magis
1461 842 1595 869 meus
1631 839 1715 878 est,
1753 827 1930 870 crebris
1972 827 2261 870 heiulatibus

457 897 685 958 fatigatis?
713 897 827 957 quid
866 897 1071 943 lacrimis
1103 897 1424 942 inefficacibus
1449 914 1530 942 ora
1567 899 1682 942 mihi
1722 901 1995 943 ueneranda
2030 899 2258 943 foedatis?

456 971 571 1030 quid
592 970 804 1016 laceratis
826 970 870 1015 in
896 971 1063 1015 uestris
1083 971 1233 1014 oculis
1260 986 1362 1014 mea
1390 970 1601 1014 lumina?
1628 970 1742 1028 quid
1770 970 1989 1014 canitiem
2016 971 2258 1015 scinditis?

455 1043 570 1102 quid
599 1054 805 1103 pectora,
830 1042 944 1101 quid
972 1042 1117 1087 ubera
1143 1054 1301 1086 sancta
1327 1041 1558 1087 tunditis?
1587 1042 1726 1086 haece
1752 1054 1861 1086 sunt
1886 1043 2021 1087 vobis
2046 1043 2259 1103 egregiae

456 1115 801 1161 formonsitatis
827 1130 957 1161 meae
984 1115 1222 1175 praeclara
1251 1115 1475 1175 praemia.
1502 1114 1717 1160 Inuidiae
1742 1115 1946 1160 nefariae
1973 1115 2096 1160 letali
2123 1116 2260 1175 plaga

456 1189 665 1247 percussi
692 1203 797 1232 sero
822 1188 1019 1232 sentitis.
1049 1188 1173 1233 Cum
1199 1200 1361 1247 gentes
1386 1199 1429 1231 et
1454 1187 1617 1246 populi
1644 1187 1936 1232 celebrarent
1971 1202 2056 1231 nos
2080 1186 2260 1232 diuinis

457 1260 738 1314 honoribus,
759 1276 866 1303 cum
890 1276 1066 1303 nouam
1090 1275 1162 1303 me
1182 1261 1419 1304 Venerem
1439 1275 1519 1303 ore
1539 1275 1752 1303 consono
1776 1271 2126 1319 nuncuparent,
2148 1271 2259 1303 tunc

454 1332 633 1385 dolere,
660 1344 772 1375 tunc
803 1332 932 1386 flere,
961 1344 1071 1375 tunc
1104 1347 1177 1375 me
1210 1331 1301 1375 iam
1334 1332 1467 1389 quasi
1502 1344 1797 1390 peremptam
1824 1332 1983 1390 lugere
2008 1331 2255 1375 debuistis

457 1403 554 1446 Iam
583 1403 752 1454 sentio,
781 1403 873 1447 iam
902 1402 1042 1446 uideo
1073 1403 1173 1445 solo
1206 1418 1280 1446 me
1312 1403 1507 1446 nomine
1534 1402 1734 1446 Veneris
1765 1403 1959 1462 perisse.
1991 1402 2157 1447 Ducite
2184 1416 2259 1446 me

454 1487 496 1518 et
520 1474 594 1519 cui
622 1491 723 1519 sors
742 1474 921 1519 addixit
939 1476 1141 1538 scopulo
1167 1474 1331 1518 sistite.
1356 1475 1549 1518 Festino
1574 1475 1730 1518 felices
1755 1475 1865 1518 istas
1892 1475 2082 1533 nuptias
2106 1475 2256 1527 obire,

454 1546 624 1591 festino
648 1561 933 1605 generosum
963 1546 1094 1590 illum
1124 1546 1346 1590 maritum
1375 1561 1534 1589 meum
1562 1545 1903 1605 uideres-Quid
1930 1546 2115 1600 differo,
2142 1546 2257 1604 quid

453 1620 659 1663 detrecto
686 1619 975 1671 uenientem,
1002 1618 1083 1675 qui
1109 1617 1294 1661 deuotis
1320 1630 1364 1661 et
1388 1618 1566 1661 orbatis
1591 1618 1733 1661 exitio
1759 1630 1896 1661 natus
1921 1619 2029 1661 est’?

601 1690 654 1734 35
694 1688 773 1735 Sic
799 1688 980 1748 profata
1007 1689 1143 1749 uirgo
1163 1689 1387 1733 conticuit
1414 1689 1726 1749 ingressuque
1753 1689 1844 1733 iam
1870 1689 2028 1733 ualido
2055 1703 2258 1748 pompae

455 1762 617 1820 populi
662 1762 995 1820 prosequentis
1036 1776 1135 1804 sese
1174 1761 1379 1804 miscuit.
1422 1761 1522 1804 Itur
1559 1763 1615 1804 ad
1654 1761 1964 1805 constitutum
2007 1763 2257 1822 scopulum

455 1832 630 1878 montis
665 1833 820 1887 ardui,
848 1833 983 1877 cuius
1019 1833 1065 1877 in
1103 1849 1294 1877 summo
1327 1833 1573 1878 cacumine
1610 1845 1829 1879 statutam
1868 1835 2075 1894 puellam
2101 1836 2254 1881 cuncti

454 1908 677 1951 deserunt
706 1908 963 1966 taedasque
995 1906 1231 1966 nuptiales
1262 1906 1437 1966 quibus
1470 1907 1801 1965 praeluxerant
1833 1907 2010 1953 ibidem
2050 1909 2257 1954 lacrimis

453 1979 551 2024 suis
582 1979 808 2024 extinctas
840 1979 1164 2038 relinquentes
1195 1979 1389 2024 deiectis
1420 1980 1656 2038 capitibus
1688 1980 2035 2025 domuitionem
2070 1994 2253 2041 parant.

456 2054 511 2097 Et
545 2052 703 2096 miseri
737 2053 931 2111 quidem
964 2064 1182 2110 parentes
1213 2051 1315 2095 eius
1346 2064 1472 2095 tanta
1506 2052 1635 2096 clade
1658 2052 1846 2105 defessi,
1873 2054 2058 2097 clausae
2084 2055 2257 2098 domus

452 2124 655 2169 abstrusi
697 2124 905 2168 tenebris
946 2136 1201 2183 perpetuae
1248 2124 1371 2167 nocti
1415 2139 1513 2168 sese
1553 2124 1792 2168 dedidere.
1838 2125 2055 2184 Psychen
2098 2138 2255 2171 autem

453 2209 708 2257 pauentem
745 2211 795 2240 ac
820 2196 1137 2255 trepidantem
1165 2208 1207 2240 et
1234 2196 1279 2240 in
1308 2196 1411 2256 ipso
1436 2196 1617 2256 scopuli
1647 2197 1819 2242 uertice
1851 2197 2103 2243 deflentem
2130 2197 2256 2243 mitis

452 2285 565 2313 aura
591 2269 796 2313 molliter
822 2269 1047 2328 spirantis
1070 2268 1296 2327 Zephyri,
1320 2268 1519 2312 uibratis
1546 2269 1654 2313 hinc
1681 2268 1791 2313 inde
1817 2269 2000 2314 laciniis
2025 2282 2068 2314 et
2093 2270 2256 2315 reflato

452 2342 557 2385 sinu
600 2341 775 2385 sensim
819 2341 1023 2384 leuatam
1063 2355 1148 2383 suo
1184 2341 1444 2398 tranquillo
1481 2340 1650 2399 spiritu
1690 2341 1869 2385 uehens
1908 2341 2134 2401 paulatim
2174 2357 2257 2402 per

450 2414 628 2457 deuexa
676 2412 808 2471 rupis
852 2412 1077 2463 excelsae,
1123 2412 1258 2455 uallis
1319 2412 1536 2456 subditae
1582 2412 1794 2457 florentis
1839 2413 2029 2472 cespitis
2074 2414 2256 2473 gremio

452 2485 618 2528 leniter
642 2485 894 2543 delapsam·
912 2484 1120 2527 reclinat.

595 2557 636 2598 V
660 2573 669 2600 1
696 2556 878 2615 Psyche
896 2555 1071 2599 teneris
1088 2568 1129 2599 et
1148 2556 1364 2599 herbosis
1386 2556 1498 2599 locis
1522 2556 1568 2599 in
1592 2556 1694 2616 ipso
1713 2569 1816 2600 toro
1835 2556 2004 2601 roscidi
2026 2557 2256 2618 graminis

451 2645 597 2675 suaue
624 2629 856 2674 recubans
881 2641 1009 2673 tanta
1037 2629 1207 2674 mentis
1233 2630 1589 2688 perturbatione
1615 2631 1773 2674 sedata
1799 2630 1935 2674 dulce
1960 2631 2252 2689 conquieuit.

453 2702 651 2761 Iamque
689 2700 938 2746 sufficienti
984 2714 1187 2746 recreata
1229 2718 1398 2746 somno
1433 2702 1618 2759 placido
1655 2702 1858 2761 resurgit
1898 2703 2076 2745 animo.
2116 2703 2256 2746 Videt

452 2775 611 2820 lucum
648 2773 857 2834 proceris
890 2786 933 2819 et
960 2773 1105 2818 uastis
1142 2773 1395 2818 arboribus
1432 2774 1689 2826 consitum,
1724 2774 1852 2818 uidet
1885 2774 2065 2817 fontem
2104 2774 2255 2817 uitreo

451 2846 585 2891 latice
624 2846 922 2906 perlucidum
966 2845 1125 2890 medio
1167 2845 1256 2890 luci
1300 2845 1581 2890 meditullio.
1627 2846 1783 2904 Prope
1824 2845 1967 2889 fontis
2006 2846 2252 2904 adlapsum

449 2919 623 2962 domus
641 2918 765 2978 regia
785 2929 870 2971 est,
892 2917 1133 2962 aedificata
1152 2933 1246 2961 non
1270 2917 1495 2962 humanis
1517 2918 1738 2962 manibus
1758 2918 1836 2978 sed
1854 2917 2033 2963 diuinis
2053 2917 2251 2962 artibus.

453 2991 550 3035 lam
579 2991 697 3035 scies
721 2991 779 3035 ab
806 2990 1002 3035 introitu
1030 2990 1185 3049 primo
1210 2990 1283 3035 dei
1310 2990 1577 3050 cuiuspiam
1606 2990 1898 3035 luculentum
1924 3003 1968 3034 et
1996 3004 2250 3034 amoenum

451 3063 614 3107 uidere
639 3076 681 3107 te
705 3063 1044 3107 diuersorium.
1078 3064 1200 3108 Nam
1227 3078 1414 3107 summa
1440 3062 1680 3122 laquearia
1701 3062 1817 3107 citro
1837 3076 1880 3107 et
1904 3062 2045 3107 ebore
2070 3062 2254 3107 curiose

449 3148 612 3180 cauata
634 3136 840 3180 subeunt
859 3151 1028 3180 aureae
1048 3136 1318 3189 columnae,
1342 3136 1543 3194 parietes
1562 3151 1730 3180 omnes
1750 3147 1973 3193 argenteo
1992 3135 2253 3179 caelamine
