2680 3690
383 1077 432 1104 10

383 1426 429 1466 15

374 1800 430 1828 20

371 2509 428 2552 30

370 2870 424 2914 35

1250 297 1308 304 —
1374 286 1395 315 2
1462 296 1519 304 ..—

480 400 524 446 in
561 400 783 446 humanis
809 401 1023 447 uultibus
1053 404 1167 448 deae
1198 416 1353 449 tantae
1384 404 1583 449 numina
1611 404 1874 464 placantur,
1900 416 1943 449 et
1968 405 2022 449 in>
2045 406 2279 450 matutino

479 487 731 531 progressu
760 472 960 533 uirginis
987 473 1194 519 uictimis
1218 487 1261 520 et
1284 476 1439 534 epulis
1464 475 1663 521 Veneris
1687 475 1895 521 absentis
1920 491 2094 521 numen
2123 477 2277 536 propi-

476 543 637 599 tiatur,
665 546 856 603 iamque
888 560 971 604 per
996 545 1173 605 plateas
1202 560 1550 592 commeantem
1582 547 1746 607 populi
1778 546 2047 607 frequenter
2080 548 2279 594 floribus

477 616 613 662 sertis
673 629 717 662 et
777 617 944 662 solutis
999 618 1332 678 adprecantur.
1392 619 1524 665 Haec
1586 619 1826 665 honorum
1887 620 2157 665 caelestium
2218 622 2276 666 ad

477 690 661 748 puellae
697 689 910 734 mortalis
945 690 1123 734 cultum
1162 690 1418 735 immodica
1452 692 1697 736 translatio
1734 707 1870 737 uerae
1906 692 2103 737 Veneris
2139 693 2276 737 uehe-

477 774 660 806 menter
680 762 890 806 incendit
914 762 1118 817 animos,
1140 775 1184 807 et
1203 762 1459 822 impatiens
1480 763 1842 824 indignationis,
1863 765 2013 824 capite
2035 765 2275 824 quassanti

476 832 684 878 fremens
708 833 849 878 altius
874 833 938 878 sic
963 849 1121 879 secum
1149 833 1338 879 disserit
1366 852 1374 878 ε

597 907 655 950 30
687 907 774 950 ‘En
797 922 954 950 rerum
982 919 1176 951 naturae
1198 907 1350 966 prisca
1378 922 1565 966 parens,
1586 923 1642 952 en
1664 908 2007 953 elementorum
2034 909 2169 969 origo
2193 909 2275 953 ini-

475 978 616 1033 tialis,
643 993 697 1023 en
725 977 856 1023 orbis
880 978 1022 1023 totius
1047 978 1170 1023 alma
1190 979 1373 1033 Venus,
1394 994 1514 1038 quae
1539 994 1645 1024 cum
1669 979 1854 1024 mortali
1876 980 2033 1039 puella
2052 980 2277 1040 partiario

476 1050 733 1095 maiestatis
760 1051 940 1095 honore
965 1062 1138 1095 tractor
1162 1062 1204 1094 et
1229 1066 1404 1095 nomen
1442 1066 1600 1095 meum
1632 1051 1761 1095 caelo
1795 1051 2042 1096 conditum
2077 1052 2277 1097 terrenis

475 1122 696 1167 sordibus
722 1120 1019 1181 profanatur!
1050 1121 1279 1166 nimirum
1304 1121 1550 1167 communi
1573 1122 1787 1167 numinis
1808 1122 2051 1182 piamento
2073 1122 2275 1169 uicariae

475 1193 801 1238 uenerationis
841 1194 1073 1237 incertum
1116 1194 1363 1237 sustinebo
1402 1206 1446 1238 et
1485 1194 1744 1255 imaginem
1786 1210 1939 1239 meam
1980 1195 2277 1240 circumferet

475 1267 631 1326 puella
657 1267 917 1309 moritura?
951 1265 1122 1309 frustra
1161 1281 1234 1309 me
1271 1278 1431 1325 pastor
1469 1266 1563 1321 ille,
1600 1267 1736 1310 cuius
1773 1267 1998 1311 iustitiam
2037 1268 2276 1327 fidemque

476 1355 679 1398 magnus
703 1339 1038 1397 comprobauit
1063 1339 1296 1398 Iuppiter,
1323 1340 1384 1382 ob
1409 1339 1632 1383 eximiam
1659 1340 1864 1399 speciem
1890 1340 2031 1383 tantis
2056 1340 2277 1399 praetulit

473 1412 684 1456 deabus?
711 1413 791 1456 sed
820 1427 912 1456 non
941 1413 1060 1456 adeo
1084 1413 1297 1471 gaudens
1323 1413 1427 1467 ista,
1454 1427 1784 1472 quaecumque
1804 1425 1889 1467 est,
1913 1428 2043 1456 meos
2069 1413 2275 1457 honores

475 1483 715 1543 usurparit
743 1502 751 1527 :
781 1484 874 1528 iam
900 1482 1005 1528 faxo
1032 1483 1172 1528 huius
1196 1499 1299 1528 eam
1328 1484 1479 1543 ipsius
1510 1484 1717 1528 inlicitae
1748 1484 2093 1529 formonsitatis
2118 1484 2275 1544 paeni—

473 1562 592 1600 teat³.
632 1557 690 1600 Et
728 1569 858 1600 vocat
897 1556 1145 1600 confestim
1188 1571 1392 1614 puerum
1433 1572 1571 1600 suum
1613 1557 1866 1615 pinnatum
1907 1556 2041 1601 illum
2082 1569 2125 1600 et
2165 1557 2276 1600 satis

472 1629 798 1682 temerarium,
825 1628 906 1686 qui
943 1628 1080 1672 malis
1115 1628 1213 1671 suis
1246 1627 1460 1672 moribus
1493 1640 1764 1686 contempta
1788 1628 2040 1687 disciplina
2066 1628 2273 1687 publica,

473 1699 679 1744 flammis
712 1712 755 1744 et
789 1699 970 1760 sagittis
1005 1711 1214 1744 armatus
1249 1715 1332 1759 per
1366 1699 1546 1744 alienas
1576 1700 1747 1744 domos
1779 1711 1912 1744 nocte
1937 1699 2209 1744 discurrens
2233 1712 2276 1744 et

472 1772 690 1817 omnium
728 1771 1033 1817 matrimonia
1063 1787 1378 1831 corrumpens
1414 1772 1612 1831 impune
1646 1771 1900 1816 committit
1933 1783 2061 1816 tanta
2098 1771 2274 1832 flagitia

472 1857 514 1889 et
541 1844 660 1889 nihil
687 1860 882 1904 prorsus
908 1844 1020 1889 boni
1047 1844 1170 1889 facit.
1203 1845 1346 1889 Hunc
1370 1860 1647 1903 quanquam
1673 1844 1880 1904 genuina
1907 1844 2090 1889 licentia
2116 1859 2274 1904 proca-

471 1932 571 1962 cem
606 1917 765 1962 uerbis
789 1932 980 1977 quoque
1008 1917 1203 1977 insuper
1233 1916 1445 1961 stimulat
1469 1928 1513 1961 et
1538 1916 1753 1976 perducit
1783 1917 1841 1961 ad
1874 1916 2002 1961 illam
2034 1916 2272 1962 ciuitatem

472 2002 515 2034 et
536 1991 754 2050 Psychen
781 1990 885 2047 ghoc
910 1990 1039 2034 enim
1067 1990 1260 2034 nomine
1286 1989 1442 2049 puella
1464 1988 1845 2048 nuncupabatur)
1864 2004 2022 2034 coram
2048 1989 2272 2043 ostendit,

471 2074 514 2107 et
538 2075 631 2107 tota
663 2062 741 2106 illa
767 2063 1035 2121 perlata,de
1070 2061 1414 2106 formonsitatis
1448 2061 1768 2106 aemulatione
1801 2061 1960 2106 fabula
1994 2076 2189 2121 gemens
2223 2077 2274 2105 ac

471 2134 679 2180 fremens
705 2134 1035 2195 indignatione
1063 2147 1071 2179 :

594 2207 641 2252 3‘1
683 2208 793 2253 ‘Per
814 2223 901 2267 ego
926 2210 983 2252 te'
1015 2207 1168 2266 inquit
1195 2213 1451 2252 ‘maternae
1475 2207 1682 2252 caritatis
1712 2206 1902 2252 foedera
1925 2206 2170 2265 deprecor,
2192 2221 2275 2264 per

471 2292 576 2325 tuae
602 2279 796 2340 sagittae
821 2279 978 2325 dulcia
1005 2279 1223 2333 uulnera,
1251 2294 1333 2338 per
1363 2278 1582 2324 flammae
1614 2278 1750 2323 istius
1782 2277 1986 2323 mellitas
2012 2277 2234 2323 uredines
2262 2296 2269 2322 :

471 2351 731 2397 uindictam
765 2363 871 2396 tuae
908 2350 1111 2411 parenti,
1154 2351 1234 2395 sed
1270 2350 1458 2410 plenam
1500 2349 1655 2395 tribue
1696 2362 1739 2394 et
1780 2350 1823 2394 in
1865 2349 2273 2409 pulchritudinem

469 2437 797 2469 contumacem
825 2424 1054 2468 seueriter
1080 2423 1271 2468 uindica
1298 2423 1439 2481 idque
1467 2438 1614 2467 unum
1641 2434 1686 2467 et
1714 2438 1800 2482 pro
1824 2422 2051 2466 omnibus
2076 2421 2271 2466 unicum

470 2497 639 2541 uolens
677 2496 793 2541 effici
835 2514 843 2540 :
886 2496 1021 2555 uirgo
1063 2495 1147 2540 ista
1188 2510 1349 2539 amore
1389 2494 1759 2554 fraglantissimo
1804 2506 2019 2539 teneatur
2063 2493 2273 2538 hominis

469 2568 686 2623 extremi,
723 2584 866 2627 quem
904 2580 948 2613 et
984 2567 1230 2627 dignitatis
1267 2580 1309 2612 et
1349 2566 1625 2626 patrimonii
1667 2566 1808 2612 simul
1849 2579 1892 2611 et
1932 2564 2273 2611 incolumitatis

471 2640 622 2700 ipsius
659 2640 849 2686 fortuna
872 2639 1139 2694 damnauit,
1165 2652 1358 2698 tamque
1383 2640 1578 2694 infirmi,
1620 2652 1668 2684 ut
1694 2655 1776 2698 per
1800 2651 1950 2684 totum
1983 2638 2148 2683 orbem
2176 2652 2270 2682 non

471 2712 685 2757 inueniat
719 2712 938 2757 miseriae
976 2728 1087 2756 suae
1123 2710 1426 2770 comparem'.
1467 2711 1545 2758 Sic
1570 2711 1705 2756 effata
1741 2723 1784 2755 et
1818 2709 1992 2754 osculis
2028 2709 2271 2754 hiantibus

471 2784 621 2829 filium
662 2784 744 2830 diu
785 2800 836 2828 ac
877 2784 1089 2843 pressule
1129 2783 1307 2828 sauiata
1349 2783 1589 2843 proximas
1627 2798 1734 2828 oras
1773 2781 1908 2827 reflui
1949 2780 2099 2826 litoris
2138 2779 2270 2840 petit,

471 2857 741 2917 plantisque
762 2856 909 2901 roseis
935 2856 1229 2901 uibrantium
1256 2856 1486 2901 fluctuum
1512 2870 1702 2900 summo
1728 2870 1831 2900 rore
1850 2855 2026 2899 calcato
2048 2868 2152 2898 ecce
2177 2852 2268 2897 iam

470 2929 761 2989 profundum
790 2928 934 2975 maris
960 2930 1080 2974 sudo
1106 2928 1278 2973 resedit
1305 2927 1505 2983 uertice,
1532 2940 1576 2972 et
1601 2927 1757 2987 ipsum
1785 2926 1913 2986 quod
1939 2925 2106 2985 incipit
2131 2925 2269 2980 uelle,

468 3014 597 3046 cetus
620 3028 678 3035 -
702 3002 857 3046 statim
885 3001 1019 3061 quasi
1046 3001 1232 3060 pridem
1259 3000 1550 3060 praeceperit
1581 3026 1635 3031 —
1662 3013 1755 3044 non
1783 3009 1996 3044 moratur
2032 2997 2268 3042 marinum

467 3074 769 3134 obsequium.
820 3075 1008 3120 Adsunt
1055 3074 1198 3120 Nerei
1252 3073 1374 3118 filiae
1418 3074 1617 3118 chorum
1660 3077 1889 3116 'canentes
1934 3083 1977 3115 et
2024 3070 2270 3115 Portunus

467 3148 667 3192 caerulis
709 3147 868 3193 barbis
909 3147 1126 3206 hispidus
1162 3159 1204 3192 et
1241 3145 1401 3206 grauis
1439 3146 1625 3204 piscoso
1663 3144 1768 3189 sinu
1808 3144 1990 3190 Salacia
2028 3155 2070 3188 et
2107 3143 2268 3201 auriga
