2680 3690
341 1078 389 1106 lO

340 1427 386 1468 15

332 1807 388 1835 20

330 2515 387 2558 30

1181 279 1484 323 ...25-

432 407 549 451 dum
588 407 843 465 praecipue
883 407 966 451 tibi
1009 423 1196 462 censeo,
1244 424 1301 453 ne
1342 408 1462 453 uelis
1505 408 1688 467 aperire
1729 408 1804 452 uel
1847 408 2078 466 inspicere
2104 408 2233 453 illam

432 492 578 535 quam
624 477 746 522 feres
790 478 1014 537 pyxidem
1067 479 1141 523 uel
1193 479 1395 524 omnino
1601 515 1944 523 ..................
1992 479 2234 524 addictum

431 548 669 594 curiosius
693 547 1038 595 thensaurum‘.

579 636 636 666 20
672 620 750 669 Sic
770 621 915 667 turris
935 621 1012 667 illa
1031 622 1285 682 prospicua
1306 622 1660 669 uaticinationis
1681 638 1859 668 munus
1878 622 2116 682 explicuit.
2137 623 2237 669 Nec

433 704 615 738 morata
654 693 837 754 Psyche
875 694 1028 755 pergit
1060 695 1337 740 Taenarum
1374 694 1675 755 sumptisque
1713 695 1797 741 rite
1834 694 2037 755 stipibus
2077 694 2169 740 illis
2193 706 2236 740 et

432 765 591 810 offulis
616 765 860 811 infernum
887 767 1094 812 decurrit
1120 778 1352 822 meatum,
1383 768 1678 826 transitoque
1704 783 1786 826 per
1809 767 2055 812 silentium
2080 767 2235 812 asina-

434 835 503 881 rio
523 836 667 882 debili
690 849 734 882 et
757 837 943 883 amnica
970 837 1089 897 stipe
1113 838 1290 883 uectori
1312 838 1437 894 data,
1459 839 1667 884 neclecto
1687 838 2039 898 supernatantis
2059 838 2233 884 mortui

432 908 670 953 desiderio
690 920 733 953 et
758 910 927 968 spretis
952 909 1199 954 textricum
1223 910 1438 955 subdolis
1458 910 1680 969 precibus
1704 922 1748 955 et
1762 909 1934 955 offulae
1954 910 2059 955 cibo
2083 909 2235 969 sopita

431 980 561 1024 canis
586 981 823 1026 horrenda
856 981 984 1026 rabie
1018 982 1218 1037 domum
1258 982 1575 1040 Proserpinae
1610 994 1839 1042 penetrat.
1870 983 1969 1027 Nec
1996 981 2236 1027 offerentis

433 1052 649 1112 hospitae
689 1053 834 1098 sedile
878 1053 1133 1098 delicatum
1182 1053 1257 1098 uel
1298 1053 1458 1099 cibum
1504 1054 1695 1099 beatum
1737 1054 1971 1114 amplexa,
2010 1054 2090 1099 sed
2129 1066 2236 1099 ante

432 1125 576 1183 pedes
598 1124 704 1169 veius
730 1126 942 1171 residens
965 1126 1182 1180 humilis„
1200 1126 1379 1172 cibario
1397 1141 1518 1186 pane
1535 1139 1756 1172 contenta
1771 1127 2027 1172 Veneriam
2044 1126 2236 1187 pertulit

434 1197 739 1255 legationem.
788 1197 1058 1257 Statimque
1105 1211 1282 1243 secreto
1328 1199 1556 1258 repletam
1602 1200 1972 1258 conclusamque
2012 1199 2233 1259 pyxidem

432 1269 629 1327 suscipit
673 1281 716 1313 et
760 1269 933 1314 offulae
979 1271 1222 1329 sequentis
1271 1270 1436 1314 fraude
1487 1270 1671 1315 caninis
1718 1270 1963 1315 latratibus
2006 1270 2236 1315 obseratis

432 1340 718 1400 residuaque
745 1342 935 1386 nauitae
962 1343 1143 1387 reddita
1180 1342 1299 1401 stipe
1325 1343 1463 1402 longe
1500 1344 1712 1403 uegetior
1745 1343 1803 1387 ab
1830 1342 1994 1388 inferis
2020 1342 2232 1388 recurrit.

434 1413 491 1457 Et
528 1414 725 1472 repetita
766 1426 907 1473 atque
941 1415 1134 1459 adorata
1171 1415 1371 1459 candida
1410 1414 1495 1459 ista
1534 1416 1654 1469 luce,
1693 1430 1971 1473 quanquam
2009 1414 2236 1460 festinans

431 1484 719 1545 obsequium
746 1486 1004 1533 terminare
1032 1478 1241 1533 mentem
1263 1486 1448 1546 capitur
1473 1486 1723 1534 temeraria
1746 1486 2017 1533 curiositate
2042 1498 2085 1533 et
2106 1485 2237 1533 ‘ecce'

432 1556 588 1616 inquit
618 1558 793 1617 ‘inepta
819 1574 907 1618 ego
932 1558 1128 1604 diuinae
1158 1558 1504 1605 formonsitatis
1528 1558 1708 1618 gerula,
1736 1575 1857 1618 quae
1888 1574 1971 1604 nec
1995 1557 2234 1604 tantillum
2278 1557 2285 1565 ’

431 1629 624 1689 quidem
669 1629 881 1676 indidem
922 1630 1037 1677 mihi
1079 1631 1257 1687 delibo,
1287 1631 1360 1677 uel
1402 1630 1466 1677 sic
1508 1630 1571 1677 illi
1611 1630 1812 1678 amatori
1852 1645 1958 1677 meo
1992 1630 2236 1677 formonso

432 1701 677 1761 placitura'
701 1714 745 1747 et
769 1717 876 1747 cum
904 1703 1029 1748 dicto
1056 1714 1231 1748 reserat
1258 1703 1496 1763 pyxidem.

579 1796 627 1824 21
674 1782 772 1825 Nec
793 1781 1050 1839 quicquam
1076 1782 1137 1825 ibi
1164 1797 1321 1826 rerum
1346 1797 1428 1825 nec
1448 1781 1755 1825 formonsitas
1782 1782 1893 1836 ulla,
1916 1782 1996 1825 sed
2022 1781 2236 1825 infernus

431 1867 631 1896 somnus
657 1868 706 1896 ac
733 1868 843 1897 uere
870 1853 1082 1914 Stygius„
1105 1853 1186 1913 qui
1208 1854 1363 1897 statim
1393 1854 1645 1913 coperculo
1665 1853 1903 1898 releuatus
1924 1852 2108 1897 inuadit
2131 1867 2233 1897 eam

429 1939 681 1983 crassaque
714 1926 900 1984 soporis
937 1926 1111 1968 nebula
1149 1927 1330 1969 cunctis
1366 1926 1468 1969 eius
1506 1925 1738 1969 membris
1769 1925 2072 1984 perfunditur
2107 1936 2150 1968 et
2187 1925 2232 1968 in

432 1996 535 2054 ipso
562 1996 763 2056 uestigio
789 1996 986 2055 ipsaque
1013 1997 1180 2040 semita
1206 1997 1478 2055 conlapsam
1508 1997 1733 2055 possidet.
1763 1997 1820 2041 Et
1853 1996 2031 2040 iacebat
2062 1996 2235 2039 immo-

430 2066 540 2111 bilis
585 2078 629 2111 et
675 2067 793 2111 nihil
841 2068 969 2112 aliud
1017 2083 1159 2126 quam
1208 2069 1454 2112 dormiens
1498 2068 1717 2112 cadauer.
1767 2067 1861 2114 Sed
1904 2067 2095 2126 Cupido
2141 2067 2232 2111 iam

430 2139 644 2183 cicatrice
669 2140 819 2183 solida
858 2141 1157 2183 reualescens
1194 2156 1276 2184 nec
1309 2141 1546 2185 diutinam
1585 2156 1696 2184 suae
1728 2141 1938 2200 Psyches
1970 2139 2233 2183 absentiam

430 2213 656 2266 tolerans,
703 2229 787 2272 per
836 2214 1117 2257 altissimam
1131 2250 1217 2257 .....
1268 2214 1506 2268 [cubiculi]
1553 2230 1649 2273 quo
1695 2214 2009 2257 cohibebatur
2048 2213 2236 2272 elapsus

430 2285 685 2330 fenestram
715 2286 995 2345 refectisque
1023 2287 1182 2345 pinnis
1207 2288 1450 2346 aliquanta
1476 2288 1634 2346 quiete
1661 2287 1802 2345 longe
1828 2286 2041 2330 uelocius
2066 2301 2234 2344 prouo-

431 2358 532 2402 lans
559 2358 776 2418 Psychen
804 2360 1007 2404 accurrit
1040 2375 1195 2414 suam,
1222 2360 1506 2418 detersoque
1543 2375 1714 2404 somno
1748 2358 1934 2403 curiose
1969 2371 2011 2403 et
2043 2374 2232 2402 rursum

431 2431 476 2474 in
510 2431 759 2489 pristinam
805 2431 991 2491 pyxidis
1033 2433 1190 2476 sedem
1234 2432 1479 2476 recondito
1518 2432 1733 2491 Psychen
1775 2432 1970 2475 innoxio
2006 2431 2235 2489 punctulo

429 2503 625 2562 sagittae
643 2518 755 2547 suae
773 2503 968 2547 suscitat
987 2516 1029 2547 et
1050 2522 1057 2547 :
1075 2503 1207 2548 ‘ecce'
1228 2504 1383 2562 inquit
1399 2503 1605 2548 ‘rursum
1626 2503 1852 2563 perierem,
1871 2503 2072 2557 misella,
2089 2502 2233 2546 simili

429 2574 717 2619 curiositate.
757 2574 850 2622 Sed
892 2575 1080 2620 interim
1122 2576 1316 2635 quidem
1357 2588 1403 2620 tu
1444 2575 1765 2635 prouinciam,
1798 2590 1918 2634 quae
1954 2574 2037 2619 tibi
2072 2573 2235 2619 matris

430 2662 562 2690 meae
613 2660 864 2706 praecepto
924 2650 1145 2692 mandata
1203 2661 1289 2702 est,
1336 2664 1568 2706 exequere
1613 2647 1816 2701 nauiter,
1857 2659 2008 2690 cetera
2051 2659 2235 2706 egomet

430 2718 627 2763 uidero'.
671 2720 761 2763 His
798 2720 936 2763 dictis
974 2732 1158 2763 amator
1184 2721 1304 2764 leuis
1331 2720 1377 2763 in
1421 2720 1593 2779 pinnas
1633 2735 1680 2763 se
1720 2719 1866 2772 dedit,
1907 2719 2090 2778 Psyche
2120 2734 2234 2762 uero

428 2791 677 2836 confestim
705 2793 880 2836 Veneri
910 2809 1089 2837 munus
1116 2805 1323 2852 reportat
1349 2794 1685 2851 Proserpinae.

574 2879 630 2907 22
670 2864 855 2908 Interea
881 2864 1073 2923 Cupido
1098 2881 1260 2909 amore
1288 2865 1439 2909 nimio
1464 2881 1661 2923 peresus
1685 2877 1728 2908 et
1753 2880 1888 2922 aegra
1916 2862 2049 2918 facie7
2072 2864 2233 2907 matris

428 2951 540 2980 suae
561 2936 859 2995 repentinam
882 2936 1182 2982 sobrietatem
1209 2937 1550 2996 pertimescens
1569 2936 1626 2981 ad
1647 2936 1891 2981 armillum
1914 2935 2033 2980 redit
2051 2935 2233 2994 alisque

428 3008 704 3067 pernicibus
739 3009 852 3053 caeli
892 3021 1136 3069 penetrato
1172 3011 1348 3055 uertice
1385 3025 1561 3070 magno
1594 3009 1697 3053 Ioui
1734 3007 2233 3069 supplicatsssuamque

426 3097 617 3124 causam
644 3081 826 3139 probat.
846 3083 987 3125 Tunc
1007 3083 1224 3141 Iuppiter
1241 3083 1476 3141 prehensa
1497 3081 1755 3140 Cupidinis
1773 3081 1970 3125 buccula
1988 3096 2231 3138 manuque

427 3153 482 3196 ad
510 3168 561 3196 os
587 3168 728 3197 suum
757 3154 898 3197 relata
920 3155 1167 3199 consauiat
1191 3166 1333 3213 atque
1353 3155 1409 3198 ad
1436 3154 1569 3198 illum
1597 3171 1605 3197 :
1630 3154 1751 3198 ‘licet
1769 3155 1833 3197 tu'
1853 3153 2232 3213 inquit‘domine
