<?xml version="1.0" encoding="UTF-8"?>
<!DOCTYPE html PUBLIC "-//W3C//DTD XHTML 1.0 Transitional//EN"
    "http://www.w3.org/TR/xhtml1/DTD/xhtml1-transitional.dtd">
<html xmlns="http://www.w3.org/1999/xhtml" xml:lang="en" lang="en">
 <head>
  <title>
</title>
<meta http-equiv="Content-Type" content="text/html;charset=utf-8" />
  <meta name='ocr-system' content='tesseract 3.04.00' />
  <meta name='ocr-capabilities' content='ocr_page ocr_carea ocr_par ocr_line ocrx_word'/>
</head>
<body>
  <div class='ocr_page' id='page_1' title='image "4777080_0031.png"; bbox 0 0 2680 3690; ppageno 0'>
   <div class='ocr_carea' id='block_1_1' title="bbox 1114 312 1408 354">
    <p class='ocr_par' dir='ltr' id='par_1_1' title="bbox 1114 312 1408 354">
     <span class='ocr_line' id='line_1_1' title="bbox 1114 312 1408 354; baseline 0 -26"><span class='ocrx_word' id='word_1_1' title='bbox 1114 312 1408 354; x_wconf 39' lang='lat'>*⁷¹7-</span> 
     </span>
    </p>
   </div>
   <div class='ocr_carea' id='block_1_2' title="bbox 368 427 2167 1421">
    <p class='ocr_par' dir='ltr' id='par_1_2' title="bbox 368 427 2167 1421">
     <span class='ocr_line' id='line_1_2' title="bbox 368 427 2155 488; baseline -0.001 -15"><span class='ocrx_word' id='word_1_2' title='bbox 368 445 566 474; x_wconf 89' lang='lat' dir='ltr'>aureum</span> <span class='ocrx_word' id='word_1_3' title='bbox 590 428 851 473; x_wconf 82' lang='lat' dir='ltr'>thalamum</span> <span class='ocrx_word' id='word_1_4' title='bbox 876 428 989 487; x_wconf 84' lang='lat' dir='ltr'>petit</span> <span class='ocrx_word' id='word_1_5' title='bbox 1008 441 1051 472; x_wconf 90' lang='lat' dir='ltr'>et</span> <span class='ocrx_word' id='word_1_6' title='bbox 1072 441 1272 486; x_wconf 86' lang='lat' dir='ltr'>reperto,</span> <span class='ocrx_word' id='word_1_7' title='bbox 1295 428 1413 473; x_wconf 87' lang='lat' dir='ltr'>sicut</span> <span class='ocrx_word' id='word_1_8' title='bbox 1432 428 1661 483; x_wconf 83' lang='lat' dir='ltr'>audierat,</span> <span class='ocrx_word' id='word_1_9' title='bbox 1684 441 1874 488; x_wconf 84' lang='lat' dir='ltr'>aegroto</span> <span class='ocrx_word' id='word_1_10' title='bbox 1897 443 2043 487; x_wconf 86' lang='lat' dir='ltr'>puero</span> <span class='ocrx_word' id='word_1_11' title='bbox 2066 427 2155 471; x_wconf 85' lang='lat' dir='ltr'>iam</span> 
     </span>
     <span class='ocr_line' id='line_1_3' title="bbox 371 499 2162 559; baseline -0.001 -14"><span class='ocrx_word' id='word_1_12' title='bbox 371 501 481 546; x_wconf 89' lang='lat' dir='ltr'>inde</span> <span class='ocrx_word' id='word_1_13' title='bbox 497 516 521 545; x_wconf 89' lang='lat' dir='ltr'>a</span> <span class='ocrx_word' id='word_1_14' title='bbox 536 500 719 545; x_wconf 89' lang='lat' dir='ltr'>foribus</span> <span class='ocrx_word' id='word_1_15' title='bbox 735 515 880 559; x_wconf 90' lang='lat' dir='ltr'>quam</span> <span class='ocrx_word' id='word_1_16' title='bbox 896 499 1100 545; x_wconf 79' lang='lat' dir='ltr'>maxime</span> <span class='ocrx_word' id='word_1_17' title='bbox 1116 500 1263 544; x_wconf 87' lang='lat' dir='ltr'>boans</span> <span class='ocrx_word' id='word_1_18' title='bbox 1286 518 1294 544; x_wconf 92' lang='lat'><strong>:</strong></span> <span class='ocrx_word' id='word_1_19' title='bbox 1315 501 1541 545; x_wconf 82' lang='lat' dir='ltr'>‘honesta&#39;</span> <span class='ocrx_word' id='word_1_20' title='bbox 1558 500 1852 559; x_wconf 80' lang='lat' dir='ltr'>inquit‘haec</span> <span class='ocrx_word' id='word_1_21' title='bbox 1868 512 1911 544; x_wconf 90' lang='lat' dir='ltr'>et</span> <span class='ocrx_word' id='word_1_22' title='bbox 1926 499 2162 544; x_wconf 80' lang='lat' dir='ltr'>natalibus</span> 
     </span>
     <span class='ocr_line' id='line_1_4' title="bbox 371 572 2162 631; baseline -0.001 -14"><span class='ocrx_word' id='word_1_23' title='bbox 371 573 542 618; x_wconf 91' lang='lat' dir='ltr'>nostris</span> <span class='ocrx_word' id='word_1_24' title='bbox 567 573 814 631; x_wconf 80' lang='lat' dir='ltr'>bonaeque</span> <span class='ocrx_word' id='word_1_25' title='bbox 845 586 952 617; x_wconf 90' lang='lat' dir='ltr'>tuae</span> <span class='ocrx_word' id='word_1_26' title='bbox 982 572 1101 631; x_wconf 87' lang='lat' dir='ltr'>frugi</span> <span class='ocrx_word' id='word_1_27' title='bbox 1134 573 1473 631; x_wconf 73' lang='lat' dir='ltr'>congruentia?</span> <span class='ocrx_word' id='word_1_28' title='bbox 1508 585 1556 617; x_wconf 89' lang='lat' dir='ltr'>ut</span> <span class='ocrx_word' id='word_1_29' title='bbox 1587 574 1796 631; x_wconf 86' lang='lat' dir='ltr'>primum</span> <span class='ocrx_word' id='word_1_30' title='bbox 1830 573 2021 630; x_wconf 91' lang='lat' dir='ltr'>quidem</span> <span class='ocrx_word' id='word_1_31' title='bbox 2056 584 2162 616; x_wconf 87' lang='lat' dir='ltr'>tuae</span> 
     </span>
     <span class='ocr_line' id='line_1_5' title="bbox 370 643 2163 705; baseline -0.002 -16"><span class='ocrx_word' id='word_1_32' title='bbox 370 644 578 705; x_wconf 86' lang='lat' dir='ltr'>parentis</span> <span class='ocrx_word' id='word_1_33' title='bbox 603 644 753 689; x_wconf 89' lang='lat' dir='ltr'>immo</span> <span class='ocrx_word' id='word_1_34' title='bbox 784 643 1008 689; x_wconf 89' lang='lat' dir='ltr'>dominae</span> <span class='ocrx_word' id='word_1_35' title='bbox 1042 657 1288 704; x_wconf 88' lang='lat' dir='ltr'>praecepta</span> <span class='ocrx_word' id='word_1_36' title='bbox 1322 645 1523 690; x_wconf 80' lang='lat' dir='ltr'>calcares</span> <span class='ocrx_word' id='word_1_37' title='bbox 1559 661 1641 689; x_wconf 91' lang='lat' dir='ltr'>nec</span> <span class='ocrx_word' id='word_1_38' title='bbox 1677 644 1882 690; x_wconf 78' lang='lat' dir='ltr'>sordidis</span> <span class='ocrx_word' id='word_1_39' title='bbox 1916 643 2163 688; x_wconf 81' lang='lat' dir='ltr'>amoribus</span> 
     </span>
     <span class='ocr_line' id='line_1_6' title="bbox 370 716 2164 775; baseline -0.002 -14"><span class='ocrx_word' id='word_1_40' title='bbox 370 717 615 762; x_wconf 88' lang='lat' dir='ltr'>inimicam</span> <span class='ocrx_word' id='word_1_41' title='bbox 671 731 826 761; x_wconf 90' lang='lat' dir='ltr'>meam</span> <span class='ocrx_word' id='word_1_42' title='bbox 871 716 1122 771; x_wconf 88' lang='lat' dir='ltr'>cruciares,</span> <span class='ocrx_word' id='word_1_43' title='bbox 1169 732 1333 761; x_wconf 86' lang='lat' dir='ltr'>uerum</span> <span class='ocrx_word' id='word_1_44' title='bbox 1382 717 1522 761; x_wconf 92' lang='lat' dir='ltr'>etiam</span> <span class='ocrx_word' id='word_1_45' title='bbox 1570 718 1655 761; x_wconf 93' lang='lat' dir='ltr'>hoc</span> <span class='ocrx_word' id='word_1_46' title='bbox 1700 717 1864 761; x_wconf 87' lang='lat' dir='ltr'>aetatis</span> <span class='ocrx_word' id='word_1_47' title='bbox 1910 732 2027 775; x_wconf 89' lang='lat' dir='ltr'>puer</span> <span class='ocrx_word' id='word_1_48' title='bbox 2072 716 2164 759; x_wconf 88' lang='lat' dir='ltr'>tuis</span> 
     </span>
     <span class='ocr_line' id='line_1_7' title="bbox 369 788 2165 849; baseline -0.002 -15"><span class='ocrx_word' id='word_1_49' title='bbox 369 788 625 838; x_wconf 82' lang='lat' dir='ltr'>licentiosis</span> <span class='ocrx_word' id='word_1_50' title='bbox 648 801 692 833; x_wconf 94' lang='lat' dir='ltr'>et</span> <span class='ocrx_word' id='word_1_51' title='bbox 717 788 985 833; x_wconf 90' lang='lat' dir='ltr'>immaturis</span> <span class='ocrx_word' id='word_1_52' title='bbox 1011 788 1230 848; x_wconf 90' lang='lat' dir='ltr'>iungeres</span> <span class='ocrx_word' id='word_1_53' title='bbox 1254 789 1569 848; x_wconf 86' lang='lat' dir='ltr'>amplexibus,</span> <span class='ocrx_word' id='word_1_54' title='bbox 1598 802 1645 834; x_wconf 92' lang='lat' dir='ltr'>ut</span> <span class='ocrx_word' id='word_1_55' title='bbox 1670 806 1756 849; x_wconf 88' lang='lat' dir='ltr'>ego</span> <span class='ocrx_word' id='word_1_56' title='bbox 1783 804 1959 834; x_wconf 87' lang='lat' dir='ltr'>nurum</span> <span class='ocrx_word' id='word_1_57' title='bbox 1991 788 2165 832; x_wconf 91' lang='lat' dir='ltr'>scilicet</span> 
     </span>
     <span class='ocr_line' id='line_1_8' title="bbox 369 860 2165 921; baseline -0.002 -15"><span class='ocrx_word' id='word_1_58' title='bbox 369 862 621 906; x_wconf 86' lang='lat' dir='ltr'>tolerarem</span> <span class='ocrx_word' id='word_1_59' title='bbox 656 860 931 905; x_wconf 74' lang='lat' dir='ltr'>inimicam}</span> <span class='ocrx_word' id='word_1_60' title='bbox 975 862 1054 905; x_wconf 88' lang='lat' dir='ltr'>sed</span> <span class='ocrx_word' id='word_1_61' title='bbox 1098 861 1258 919; x_wconf 93' lang='lat' dir='ltr'>utique</span> <span class='ocrx_word' id='word_1_62' title='bbox 1297 862 1560 918; x_wconf 79' lang='lat' dir='ltr'>praesumis</span> <span class='ocrx_word' id='word_1_63' title='bbox 1596 878 1723 921; x_wconf 87' lang='lat' dir='ltr'>nugo</span> <span class='ocrx_word' id='word_1_64' title='bbox 1758 874 1801 906; x_wconf 92' lang='lat' dir='ltr'>et</span> <span class='ocrx_word' id='word_1_65' title='bbox 1838 873 2087 919; x_wconf 89' lang='lat' dir='ltr'>corruptor</span> <span class='ocrx_word' id='word_1_66' title='bbox 2123 872 2165 903; x_wconf 90' lang='lat' dir='ltr'>et</span> 
     </span>
     <span class='ocr_line' id='line_1_9' title="bbox 371 933 2165 992; baseline -0.002 -15"><span class='ocrx_word' id='word_1_67' title='bbox 371 933 642 977; x_wconf 88' lang='lat' dir='ltr'>inamabilis</span> <span class='ocrx_word' id='word_1_68' title='bbox 685 945 727 977; x_wconf 93' lang='lat' dir='ltr'>te</span> <span class='ocrx_word' id='word_1_69' title='bbox 773 933 928 977; x_wconf 89' lang='lat' dir='ltr'>solum</span> <span class='ocrx_word' id='word_1_70' title='bbox 973 949 1254 991; x_wconf 89' lang='lat' dir='ltr'>generosum</span> <span class='ocrx_word' id='word_1_71' title='bbox 1304 949 1386 977; x_wconf 91' lang='lat' dir='ltr'>nec</span> <span class='ocrx_word' id='word_1_72' title='bbox 1432 950 1506 977; x_wconf 94' lang='lat' dir='ltr'>me</span> <span class='ocrx_word' id='word_1_73' title='bbox 1543 934 1635 978; x_wconf 91' lang='lat' dir='ltr'>iam</span> <span class='ocrx_word' id='word_1_74' title='bbox 1672 950 1755 992; x_wconf 93' lang='lat' dir='ltr'>per</span> <span class='ocrx_word' id='word_1_75' title='bbox 1790 945 1989 977; x_wconf 89' lang='lat' dir='ltr'>aetatem</span> <span class='ocrx_word' id='word_1_76' title='bbox 2029 947 2165 989; x_wconf 90' lang='lat' dir='ltr'>posse</span> 
     </span>
     <span class='ocr_line' id='line_1_10' title="bbox 369 1004 2165 1063; baseline -0.001 -14"><span class='ocrx_word' id='word_1_77' title='bbox 369 1004 634 1063; x_wconf 85' lang='lat' dir='ltr'>concipere.</span> <span class='ocrx_word' id='word_1_78' title='bbox 656 1004 811 1049; x_wconf 87' lang='lat' dir='ltr'>Velim</span> <span class='ocrx_word' id='word_1_79' title='bbox 839 1020 950 1063; x_wconf 89' lang='lat' dir='ltr'>ergo</span> <span class='ocrx_word' id='word_1_80' title='bbox 976 1004 1092 1048; x_wconf 90' lang='lat' dir='ltr'>scias</span> <span class='ocrx_word' id='word_1_81' title='bbox 1118 1005 1267 1048; x_wconf 90' lang='lat' dir='ltr'>multo</span> <span class='ocrx_word' id='word_1_82' title='bbox 1291 1018 1333 1049; x_wconf 90' lang='lat' dir='ltr'>te</span> <span class='ocrx_word' id='word_1_83' title='bbox 1361 1005 1605 1050; x_wconf 92' lang='lat' dir='ltr'>meliorem</span> <span class='ocrx_word' id='word_1_84' title='bbox 1634 1005 1786 1049; x_wconf 88' lang='lat' dir='ltr'>filium</span> <span class='ocrx_word' id='word_1_85' title='bbox 1813 1004 1962 1049; x_wconf 90' lang='lat' dir='ltr'>alium</span> <span class='ocrx_word' id='word_1_86' title='bbox 1987 1004 2165 1062; x_wconf 88' lang='lat' dir='ltr'>genitu-</span> 
     </span>
     <span class='ocr_line' id='line_1_11' title="bbox 372 1074 2167 1137; baseline -0.002 -16"><span class='ocrx_word' id='word_1_87' title='bbox 372 1092 498 1131; x_wconf 69' lang='lat' dir='ltr'>ram,</span> <span class='ocrx_word' id='word_1_88' title='bbox 547 1076 715 1131; x_wconf 87' lang='lat' dir='ltr'>immo,</span> <span class='ocrx_word' id='word_1_89' title='bbox 763 1088 812 1121; x_wconf 92' lang='lat' dir='ltr'>ut</span> <span class='ocrx_word' id='word_1_90' title='bbox 860 1076 1195 1120; x_wconf 90' lang='lat' dir='ltr'>contumeliam</span> <span class='ocrx_word' id='word_1_91' title='bbox 1251 1076 1401 1137; x_wconf 91' lang='lat' dir='ltr'>magis</span> <span class='ocrx_word' id='word_1_92' title='bbox 1454 1077 1645 1131; x_wconf 87' lang='lat' dir='ltr'>sentias,</span> <span class='ocrx_word' id='word_1_93' title='bbox 1693 1077 1901 1135; x_wconf 80' lang='lat' dir='ltr'>aliquem</span> <span class='ocrx_word' id='word_1_94' title='bbox 1947 1075 2003 1120; x_wconf 91' lang='lat' dir='ltr'>de</span> <span class='ocrx_word' id='word_1_95' title='bbox 2050 1074 2167 1119; x_wconf 90' lang='lat' dir='ltr'>meis</span> 
     </span>
     <span class='ocr_line' id='line_1_12' title="bbox 371 1146 2167 1207; baseline -0.002 -14"><span class='ocrx_word' id='word_1_96' title='bbox 371 1148 702 1207; x_wconf 81' lang='lat' dir='ltr'>adoptaturam</span> <span class='ocrx_word' id='word_1_97' title='bbox 729 1147 940 1192; x_wconf 92' lang='lat' dir='ltr'>uernulis</span> <span class='ocrx_word' id='word_1_98' title='bbox 970 1146 1108 1206; x_wconf 88' lang='lat' dir='ltr'>eique</span> <span class='ocrx_word' id='word_1_99' title='bbox 1138 1148 1418 1193; x_wconf 84' lang='lat' dir='ltr'>donaturam</span> <span class='ocrx_word' id='word_1_100' title='bbox 1453 1148 1562 1193; x_wconf 90' lang='lat' dir='ltr'>istas</span> <span class='ocrx_word' id='word_1_101' title='bbox 1597 1148 1770 1206; x_wconf 92' lang='lat' dir='ltr'>pinnas</span> <span class='ocrx_word' id='word_1_102' title='bbox 1805 1159 1847 1192; x_wconf 88' lang='lat' dir='ltr'>et</span> <span class='ocrx_word' id='word_1_103' title='bbox 1882 1147 2100 1191; x_wconf 80' lang='lat' dir='ltr'>flammas</span> <span class='ocrx_word' id='word_1_104' title='bbox 2125 1157 2167 1190; x_wconf 90' lang='lat' dir='ltr'>et</span> 
     </span>
     <span class='ocr_line' id='line_1_13' title="bbox 371 1217 2164 1279; baseline -0.002 -15"><span class='ocrx_word' id='word_1_105' title='bbox 371 1234 533 1264; x_wconf 90' lang='lat' dir='ltr'>arcum</span> <span class='ocrx_word' id='word_1_106' title='bbox 568 1231 611 1264; x_wconf 93' lang='lat' dir='ltr'>et</span> <span class='ocrx_word' id='word_1_107' title='bbox 645 1219 770 1279; x_wconf 89' lang='lat' dir='ltr'>ipsas</span> <span class='ocrx_word' id='word_1_108' title='bbox 805 1218 993 1279; x_wconf 82' lang='lat' dir='ltr'>sagittas</span> <span class='ocrx_word' id='word_1_109' title='bbox 1028 1230 1071 1263; x_wconf 91' lang='lat' dir='ltr'>et</span> <span class='ocrx_word' id='word_1_110' title='bbox 1102 1233 1294 1263; x_wconf 85' lang='lat' dir='ltr'>omnem</span> <span class='ocrx_word' id='word_1_111' title='bbox 1332 1234 1485 1264; x_wconf 91' lang='lat' dir='ltr'>meam</span> <span class='ocrx_word' id='word_1_112' title='bbox 1524 1219 1884 1279; x_wconf 89' lang='lat' dir='ltr'>supellectilem,</span> <span class='ocrx_word' id='word_1_113' title='bbox 1912 1233 2054 1278; x_wconf 88' lang='lat' dir='ltr'>quam</span> <span class='ocrx_word' id='word_1_114' title='bbox 2082 1217 2164 1262; x_wconf 91' lang='lat' dir='ltr'>tibi</span> 
     </span>
     <span class='ocr_line' id='line_1_14' title="bbox 372 1290 2165 1351; baseline -0.001 -15"><span class='ocrx_word' id='word_1_115' title='bbox 372 1307 467 1337; x_wconf 88' lang='lat' dir='ltr'>non</span> <span class='ocrx_word' id='word_1_116' title='bbox 493 1292 550 1337; x_wconf 89' lang='lat' dir='ltr'>ad</span> <span class='ocrx_word' id='word_1_117' title='bbox 577 1292 663 1336; x_wconf 89' lang='lat' dir='ltr'>hos</span> <span class='ocrx_word' id='word_1_118' title='bbox 690 1307 802 1336; x_wconf 93' lang='lat' dir='ltr'>usus</span> <span class='ocrx_word' id='word_1_119' title='bbox 826 1291 1066 1336; x_wconf 88' lang='lat' dir='ltr'>dederam.</span> <span class='ocrx_word' id='word_1_120' title='bbox 1096 1292 1194 1336; x_wconf 93' lang='lat' dir='ltr'>Nec</span> <span class='ocrx_word' id='word_1_121' title='bbox 1219 1291 1349 1336; x_wconf 88' lang='lat' dir='ltr'>enim</span> <span class='ocrx_word' id='word_1_122' title='bbox 1373 1292 1429 1337; x_wconf 93' lang='lat' dir='ltr'>de</span> <span class='ocrx_word' id='word_1_123' title='bbox 1456 1292 1601 1351; x_wconf 89' lang='lat' dir='ltr'>patris</span> <span class='ocrx_word' id='word_1_124' title='bbox 1626 1292 1693 1336; x_wconf 91' lang='lat' dir='ltr'>tui</span> <span class='ocrx_word' id='word_1_125' title='bbox 1720 1291 1860 1336; x_wconf 87' lang='lat' dir='ltr'>bonis</span> <span class='ocrx_word' id='word_1_126' title='bbox 1886 1291 1942 1336; x_wconf 90' lang='lat' dir='ltr'>ad</span> <span class='ocrx_word' id='word_1_127' title='bbox 1970 1290 2165 1335; x_wconf 91' lang='lat' dir='ltr'>instruc-</span> 
     </span>
     <span class='ocr_line' id='line_1_15' title="bbox 371 1362 1407 1421; baseline 0 -13"><span class='ocrx_word' id='word_1_128' title='bbox 371 1363 550 1408; x_wconf 91' lang='lat' dir='ltr'>tionem</span> <span class='ocrx_word' id='word_1_129' title='bbox 576 1363 713 1408; x_wconf 86' lang='lat' dir='ltr'>istam</span> <span class='ocrx_word' id='word_1_130' title='bbox 740 1362 995 1421; x_wconf 90' lang='lat' dir='ltr'>quicquam</span> <span class='ocrx_word' id='word_1_131' title='bbox 1022 1378 1296 1408; x_wconf 90' lang='lat' dir='ltr'>concessum</span> <span class='ocrx_word' id='word_1_132' title='bbox 1325 1376 1407 1408; x_wconf 91' lang='lat' dir='ltr'>est.</span> 
     </span>
    </p>
   </div>
   <div class='ocr_carea' id='block_1_3' title="bbox 372 1440 2169 1787">
    <p class='ocr_par' dir='ltr' id='par_1_3' title="bbox 372 1440 2169 1787">
     <span class='ocr_line' id='line_1_16' title="bbox 517 1440 2168 1500; baseline 0 -16"><span class='ocrx_word' id='word_1_133' title='bbox 517 1442 574 1485; x_wconf 83' lang='lat'>30</span> <span class='ocrx_word' id='word_1_134' title='bbox 610 1441 703 1488; x_wconf 86' lang='lat' dir='ltr'>Sed</span> <span class='ocrx_word' id='word_1_135' title='bbox 720 1442 843 1485; x_wconf 89' lang='lat' dir='ltr'>male</span> <span class='ocrx_word' id='word_1_136' title='bbox 859 1456 883 1484; x_wconf 93' lang='lat' dir='ltr'>a</span> <span class='ocrx_word' id='word_1_137' title='bbox 901 1440 1055 1500; x_wconf 89' lang='lat' dir='ltr'>prima</span> <span class='ocrx_word' id='word_1_138' title='bbox 1073 1441 1272 1499; x_wconf 87' lang='lat' dir='ltr'>pueritia</span> <span class='ocrx_word' id='word_1_139' title='bbox 1290 1441 1511 1485; x_wconf 88' lang='lat' dir='ltr'>inductus</span> <span class='ocrx_word' id='word_1_140' title='bbox 1529 1457 1576 1485; x_wconf 92' lang='lat' dir='ltr'>es</span> <span class='ocrx_word' id='word_1_141' title='bbox 1593 1454 1636 1484; x_wconf 92' lang='lat' dir='ltr'>et</span> <span class='ocrx_word' id='word_1_142' title='bbox 1653 1453 1812 1485; x_wconf 89' lang='lat' dir='ltr'>acutas</span> <span class='ocrx_word' id='word_1_143' title='bbox 1830 1456 2001 1484; x_wconf 89' lang='lat' dir='ltr'>manus</span> <span class='ocrx_word' id='word_1_144' title='bbox 2023 1440 2168 1484; x_wconf 86' lang='lat' dir='ltr'>habes</span> 
     </span>
     <span class='ocr_line' id='line_1_17' title="bbox 373 1513 2166 1573; baseline 0.001 -15"><span class='ocrx_word' id='word_1_145' title='bbox 373 1526 415 1558; x_wconf 91' lang='lat' dir='ltr'>et</span> <span class='ocrx_word' id='word_1_146' title='bbox 434 1514 639 1559; x_wconf 89' lang='lat' dir='ltr'>maiores</span> <span class='ocrx_word' id='word_1_147' title='bbox 663 1526 770 1558; x_wconf 90' lang='lat' dir='ltr'>tuos</span> <span class='ocrx_word' id='word_1_148' title='bbox 795 1513 1110 1558; x_wconf 91' lang='lat' dir='ltr'>irreuerenter</span> <span class='ocrx_word' id='word_1_149' title='bbox 1130 1514 1324 1573; x_wconf 88' lang='lat' dir='ltr'>pulsasti</span> <span class='ocrx_word' id='word_1_150' title='bbox 1345 1513 1534 1568; x_wconf 92' lang='lat' dir='ltr'>totiens,</span> <span class='ocrx_word' id='word_1_151' title='bbox 1557 1527 1599 1557; x_wconf 90' lang='lat' dir='ltr'>et</span> <span class='ocrx_word' id='word_1_152' title='bbox 1621 1513 1774 1573; x_wconf 91' lang='lat' dir='ltr'>ipsam</span> <span class='ocrx_word' id='word_1_153' title='bbox 1797 1525 1995 1557; x_wconf 88' lang='lat' dir='ltr'>matrem</span> <span class='ocrx_word' id='word_1_154' title='bbox 2017 1525 2166 1560; x_wconf 72' lang='lat' dir='ltr'>tuam.</span> 
     </span>
     <span class='ocr_line' id='line_1_18' title="bbox 372 1585 2169 1644; baseline -0.001 -16"><span class='ocrx_word' id='word_1_155' title='bbox 372 1601 448 1629; x_wconf 93' lang='lat' dir='ltr'>me</span> <span class='ocrx_word' id='word_1_156' title='bbox 475 1587 671 1644; x_wconf 88' lang='lat' dir='ltr'>inquam</span> <span class='ocrx_word' id='word_1_157' title='bbox 699 1586 869 1644; x_wconf 90' lang='lat' dir='ltr'>ipsam,</span> <span class='ocrx_word' id='word_1_158' title='bbox 898 1585 1146 1644; x_wconf 85' lang='lat' dir='ltr'>parricida,</span> <span class='ocrx_word' id='word_1_159' title='bbox 1172 1586 1386 1628; x_wconf 90' lang='lat' dir='ltr'>denudas</span> <span class='ocrx_word' id='word_1_160' title='bbox 1410 1586 1579 1628; x_wconf 88' lang='lat' dir='ltr'>cotidie</span> <span class='ocrx_word' id='word_1_161' title='bbox 1606 1598 1650 1628; x_wconf 89' lang='lat' dir='ltr'>et</span> <span class='ocrx_word' id='word_1_162' title='bbox 1675 1585 1944 1643; x_wconf 87' lang='lat' dir='ltr'>percussisti</span> <span class='ocrx_word' id='word_1_163' title='bbox 1982 1586 2169 1643; x_wconf 89' lang='lat' dir='ltr'>saepius</span> 
     </span>
     <span class='ocr_line' id='line_1_19' title="bbox 373 1656 2165 1717; baseline -0.001 -15"><span class='ocrx_word' id='word_1_164' title='bbox 373 1670 416 1702; x_wconf 91' lang='lat' dir='ltr'>et</span> <span class='ocrx_word' id='word_1_165' title='bbox 440 1657 574 1717; x_wconf 88' lang='lat' dir='ltr'>quasi</span> <span class='ocrx_word' id='word_1_166' title='bbox 601 1658 797 1701; x_wconf 86' lang='lat' dir='ltr'>uiduam</span> <span class='ocrx_word' id='word_1_167' title='bbox 824 1656 985 1715; x_wconf 94' lang='lat' dir='ltr'>utique</span> <span class='ocrx_word' id='word_1_168' title='bbox 1010 1657 1294 1711; x_wconf 89' lang='lat' dir='ltr'>contemnis,</span> <span class='ocrx_word' id='word_1_169' title='bbox 1317 1672 1399 1701; x_wconf 91' lang='lat' dir='ltr'>nec</span> <span class='ocrx_word' id='word_1_170' title='bbox 1426 1657 1647 1701; x_wconf 90' lang='lat' dir='ltr'>uitricum</span> <span class='ocrx_word' id='word_1_171' title='bbox 1675 1669 1832 1711; x_wconf 89' lang='lat' dir='ltr'>tuum,</span> <span class='ocrx_word' id='word_1_172' title='bbox 1854 1656 2165 1701; x_wconf 90' lang='lat' dir='ltr'>fortissimum</span> 
     </span>
     <span class='ocr_line' id='line_1_20' title="bbox 375 1728 2165 1787; baseline -0.001 -14"><span class='ocrx_word' id='word_1_173' title='bbox 375 1729 509 1773; x_wconf 91' lang='lat' dir='ltr'>illum</span> <span class='ocrx_word' id='word_1_174' title='bbox 550 1728 910 1787; x_wconf 89' lang='lat' dir='ltr'>maximumque</span> <span class='ocrx_word' id='word_1_175' title='bbox 952 1728 1246 1783; x_wconf 74' lang='lat' dir='ltr'>bellatorem,</span> <span class='ocrx_word' id='word_1_176' title='bbox 1285 1728 1473 1772; x_wconf 93' lang='lat' dir='ltr'>metuis.</span> <span class='ocrx_word' id='word_1_177' title='bbox 1515 1728 1737 1786; x_wconf 77' lang='lat' dir='ltr'>Quidni?</span> <span class='ocrx_word' id='word_1_178' title='bbox 1776 1729 1850 1772; x_wconf 90' lang='lat' dir='ltr'>cui</span> <span class='ocrx_word' id='word_1_179' title='bbox 1893 1729 2079 1787; x_wconf 88' lang='lat' dir='ltr'>saepius</span> <span class='ocrx_word' id='word_1_180' title='bbox 2122 1728 2165 1771; x_wconf 83' lang='lat' dir='ltr'>in</span> 
     </span>
    </p>
   </div>
   <div class='ocr_carea' id='block_1_4' title="bbox 374 1799 2233 1860">
    <p class='ocr_par' dir='ltr' id='par_1_4' title="bbox 374 1799 2233 1860">
     <span class='ocr_line' id='line_1_21' title="bbox 374 1799 2233 1860; baseline -0.001 -16"><span class='ocrx_word' id='word_1_181' title='bbox 374 1816 600 1860; x_wconf 82' lang='lat' dir='ltr'>angorem</span> <span class='ocrx_word' id='word_1_182' title='bbox 626 1800 719 1844; x_wconf 89' lang='lat' dir='ltr'>mei</span> <span class='ocrx_word' id='word_1_183' title='bbox 746 1800 1000 1859; x_wconf 90' lang='lat' dir='ltr'>paelicatus</span> <span class='ocrx_word' id='word_1_184' title='bbox 1025 1800 1205 1859; x_wconf 90' lang='lat' dir='ltr'>puellas</span> <span class='ocrx_word' id='word_1_185' title='bbox 1237 1800 1490 1859; x_wconf 88' lang='lat' dir='ltr'>propinare</span> <span class='ocrx_word' id='word_1_186' title='bbox 1521 1800 1776 1844; x_wconf 89' lang='lat' dir='ltr'>consuesti.</span> <span class='ocrx_word' id='word_1_187' title='bbox 1806 1799 1899 1845; x_wconf 85' lang='lat' dir='ltr'>Sed</span> <span class='ocrx_word' id='word_1_188' title='bbox 1936 1800 2028 1843; x_wconf 90' lang='lat' dir='ltr'>iam</span> <span class='ocrx_word' id='word_1_189' title='bbox 2066 1800 2170 1843; x_wconf 81' lang='lat' dir='ltr'>faxo</span> <span class='ocrx_word' id='word_1_190' title='bbox 2214 1816 2233 1832; x_wconf 79' lang='lat'>·›</span> 
     </span>
    </p>
   </div>
   <div class='ocr_carea' id='block_1_5' title="bbox 375 1872 2171 2145">
    <p class='ocr_par' dir='ltr' id='par_1_5' title="bbox 375 1872 2171 2145">
     <span class='ocr_line' id='line_1_22' title="bbox 375 1872 2171 1931; baseline -0.001 -14"><span class='ocrx_word' id='word_1_191' title='bbox 375 1885 416 1917; x_wconf 93' lang='lat' dir='ltr'>te</span> <span class='ocrx_word' id='word_1_192' title='bbox 443 1873 573 1917; x_wconf 92' lang='lat' dir='ltr'>lusus</span> <span class='ocrx_word' id='word_1_193' title='bbox 598 1872 741 1916; x_wconf 92' lang='lat' dir='ltr'>huius</span> <span class='ocrx_word' id='word_1_194' title='bbox 765 1872 1001 1931; x_wconf 89' lang='lat' dir='ltr'>paeniteat</span> <span class='ocrx_word' id='word_1_195' title='bbox 1024 1884 1067 1916; x_wconf 91' lang='lat' dir='ltr'>et</span> <span class='ocrx_word' id='word_1_196' title='bbox 1091 1872 1263 1916; x_wconf 88' lang='lat' dir='ltr'>sentias</span> <span class='ocrx_word' id='word_1_197' title='bbox 1288 1872 1444 1916; x_wconf 88' lang='lat' dir='ltr'>acidas</span> <span class='ocrx_word' id='word_1_198' title='bbox 1468 1885 1512 1916; x_wconf 93' lang='lat' dir='ltr'>et</span> <span class='ocrx_word' id='word_1_199' title='bbox 1536 1887 1723 1916; x_wconf 89' lang='lat' dir='ltr'>amaras</span> <span class='ocrx_word' id='word_1_200' title='bbox 1749 1872 1860 1916; x_wconf 86' lang='lat' dir='ltr'>istas</span> <span class='ocrx_word' id='word_1_201' title='bbox 1886 1872 2092 1931; x_wconf 90' lang='lat' dir='ltr'>nuptias.</span> <span class='ocrx_word' id='word_1_202' title='bbox 2114 1899 2171 1904; x_wconf 90' lang='lat'>——</span> 
     </span>
     <span class='ocr_line' id='line_1_23' title="bbox 376 1943 2170 2003; baseline -0.001 -14"><span class='ocrx_word' id='word_1_203' title='bbox 376 1944 469 1990; x_wconf 87' lang='lat' dir='ltr'>Sed</span> <span class='ocrx_word' id='word_1_204' title='bbox 508 1958 634 1987; x_wconf 92' lang='lat' dir='ltr'>nunc</span> <span class='ocrx_word' id='word_1_205' title='bbox 674 1943 841 1987; x_wconf 90' lang='lat' dir='ltr'>inrisui</span> <span class='ocrx_word' id='word_1_206' title='bbox 885 1943 1043 1987; x_wconf 87' lang='lat' dir='ltr'>habita</span> <span class='ocrx_word' id='word_1_207' title='bbox 1083 1943 1196 2002; x_wconf 91' lang='lat' dir='ltr'>quid</span> <span class='ocrx_word' id='word_1_208' title='bbox 1235 1945 1401 2003; x_wconf 76' lang='lat' dir='ltr'>agam?</span> <span class='ocrx_word' id='word_1_209' title='bbox 1440 1958 1535 2002; x_wconf 95' lang='lat' dir='ltr'>quo</span> <span class='ocrx_word' id='word_1_210' title='bbox 1573 1959 1648 1988; x_wconf 93' lang='lat' dir='ltr'>me</span> <span class='ocrx_word' id='word_1_211' title='bbox 1685 1943 1956 1987; x_wconf 74' lang='lat' dir='ltr'>conferam?</span> <span class='ocrx_word' id='word_1_212' title='bbox 1996 1944 2170 2002; x_wconf 90' lang='lat' dir='ltr'>quibus</span> 
     </span>
     <span class='ocr_line' id='line_1_24' title="bbox 376 2014 2170 2073; baseline -0.001 -14"><span class='ocrx_word' id='word_1_213' title='bbox 376 2014 532 2060; x_wconf 86' lang='lat' dir='ltr'>modis</span> <span class='ocrx_word' id='word_1_214' title='bbox 566 2015 813 2059; x_wconf 90' lang='lat' dir='ltr'>stelionem</span> <span class='ocrx_word' id='word_1_215' title='bbox 857 2015 997 2059; x_wconf 91' lang='lat' dir='ltr'>istum</span> <span class='ocrx_word' id='word_1_216' title='bbox 1039 2015 1314 2059; x_wconf 77' lang='lat' dir='ltr'>cohibeam?</span> <span class='ocrx_word' id='word_1_217' title='bbox 1357 2028 1577 2073; x_wconf 89' lang='lat' dir='ltr'>petamne</span> <span class='ocrx_word' id='word_1_218' title='bbox 1614 2015 1845 2060; x_wconf 88' lang='lat' dir='ltr'>auxilium</span> <span class='ocrx_word' id='word_1_219' title='bbox 1883 2015 1941 2059; x_wconf 91' lang='lat' dir='ltr'>ab</span> <span class='ocrx_word' id='word_1_220' title='bbox 1980 2015 2170 2059; x_wconf 86' lang='lat' dir='ltr'>inimica</span> 
     </span>
     <span class='ocr_line' id='line_1_25' title="bbox 376 2086 2169 2145; baseline 0.001 -15"><span class='ocrx_word' id='word_1_221' title='bbox 376 2102 480 2130; x_wconf 91' lang='lat' dir='ltr'>mea</span> <span class='ocrx_word' id='word_1_222' title='bbox 498 2086 782 2140; x_wconf 90' lang='lat' dir='ltr'>Sobrietate,</span> <span class='ocrx_word' id='word_1_223' title='bbox 804 2101 946 2143; x_wconf 89' lang='lat' dir='ltr'>quam</span> <span class='ocrx_word' id='word_1_224' title='bbox 970 2098 1161 2144; x_wconf 90' lang='lat' dir='ltr'>propter</span> <span class='ocrx_word' id='word_1_225' title='bbox 1181 2087 1321 2130; x_wconf 89' lang='lat' dir='ltr'>huius</span> <span class='ocrx_word' id='word_1_226' title='bbox 1341 2087 1490 2144; x_wconf 91' lang='lat' dir='ltr'>ipsius</span> <span class='ocrx_word' id='word_1_227' title='bbox 1507 2087 1743 2131; x_wconf 83' lang='lat' dir='ltr'>luxuriam</span> <span class='ocrx_word' id='word_1_228' title='bbox 1766 2088 1939 2131; x_wconf 86' lang='lat' dir='ltr'>offendi</span> <span class='ocrx_word' id='word_1_229' title='bbox 1961 2087 2169 2145; x_wconf 78' lang='lat' dir='ltr'>saepius?</span> 
     </span>
    </p>
   </div>
   <div class='ocr_carea' id='block_1_6' title="bbox 377 2157 2236 2217">
    <p class='ocr_par' dir='ltr' id='par_1_6' title="bbox 377 2157 2236 2217">
     <span class='ocr_line' id='line_1_26' title="bbox 377 2157 2236 2217; baseline 0.001 -15"><span class='ocrx_word' id='word_1_230' title='bbox 377 2170 421 2203; x_wconf 90' lang='lat' dir='ltr'>at</span> <span class='ocrx_word' id='word_1_231' title='bbox 450 2157 650 2203; x_wconf 87' lang='lat' dir='ltr'>rusticae</span> <span class='ocrx_word' id='word_1_232' title='bbox 685 2157 1038 2216; x_wconf 89' lang='lat' dir='ltr'>squalentisque</span> <span class='ocrx_word' id='word_1_233' title='bbox 1072 2157 1275 2202; x_wconf 87' lang='lat' dir='ltr'>feminae</span> <span class='ocrx_word' id='word_1_234' title='bbox 1311 2158 1621 2217; x_wconf 88' lang='lat' dir='ltr'>conloquium</span> <span class='ocrx_word' id='word_1_235' title='bbox 1657 2163 1869 2217; x_wconf 81' lang='lat' dir='ltr'>[prorsus</span> <span class='ocrx_word' id='word_1_236' title='bbox 1903 2158 2170 2203; x_wconf 87' lang='lat' dir='ltr'>adhibenda</span> <span class='ocrx_word' id='word_1_237' title='bbox 2215 2179 2236 2204; x_wconf 75' lang='grc'>·.</span> 
     </span>
    </p>
   </div>
   <div class='ocr_carea' id='block_1_7' title="bbox 376 2228 2173 3274">
    <p class='ocr_par' dir='ltr' id='par_1_7' title="bbox 376 2228 2173 2792">
     <span class='ocr_line' id='line_1_27' title="bbox 376 2228 2168 2290; baseline 0.001 -16"><span class='ocrx_word' id='word_1_238' title='bbox 376 2234 457 2284; x_wconf 91' lang='lat' dir='ltr'>est]</span> <span class='ocrx_word' id='word_1_239' title='bbox 485 2229 734 2284; x_wconf 70' lang='lat' dir='ltr'>horresco,</span> <span class='ocrx_word' id='word_1_240' title='bbox 762 2244 846 2273; x_wconf 90' lang='lat' dir='ltr'>nec</span> <span class='ocrx_word' id='word_1_241' title='bbox 871 2241 1025 2274; x_wconf 91' lang='lat' dir='ltr'>tamen</span> <span class='ocrx_word' id='word_1_242' title='bbox 1056 2228 1289 2274; x_wconf 91' lang='lat' dir='ltr'>uindictae</span> <span class='ocrx_word' id='word_1_243' title='bbox 1312 2229 1540 2274; x_wconf 91' lang='lat' dir='ltr'>solacium</span> <span class='ocrx_word' id='word_1_244' title='bbox 1564 2230 1820 2275; x_wconf 91' lang='lat' dir='ltr'>undeunde</span> <span class='ocrx_word' id='word_1_245' title='bbox 1847 2231 2168 2290; x_wconf 88' lang='lat' dir='ltr'>spernendum</span> 
     </span>
     <span class='ocr_line' id='line_1_28' title="bbox 378 2301 2173 2362; baseline -0.001 -15"><span class='ocrx_word' id='word_1_246' title='bbox 378 2314 460 2347; x_wconf 92' lang='lat' dir='ltr'>est.</span> <span class='ocrx_word' id='word_1_247' title='bbox 495 2302 580 2347; x_wconf 91' lang='lat' dir='ltr'>Illa</span> <span class='ocrx_word' id='word_1_248' title='bbox 617 2301 737 2347; x_wconf 94' lang='lat' dir='ltr'>mihi</span> <span class='ocrx_word' id='word_1_249' title='bbox 776 2317 968 2360; x_wconf 89' lang='lat' dir='ltr'>prorsus</span> <span class='ocrx_word' id='word_1_250' title='bbox 1005 2302 1273 2346; x_wconf 88' lang='lat' dir='ltr'>adhibenda</span> <span class='ocrx_word' id='word_1_251' title='bbox 1310 2313 1395 2356; x_wconf 88' lang='lat' dir='ltr'>est,</span> <span class='ocrx_word' id='word_1_252' title='bbox 1435 2317 1519 2346; x_wconf 90' lang='lat' dir='ltr'>nec</span> <span class='ocrx_word' id='word_1_253' title='bbox 1557 2302 1651 2346; x_wconf 86' lang='lat' dir='ltr'>ulla</span> <span class='ocrx_word' id='word_1_254' title='bbox 1689 2302 1796 2356; x_wconf 89' lang='lat' dir='ltr'>alia,</span> <span class='ocrx_word' id='word_1_255' title='bbox 1824 2318 1943 2361; x_wconf 91' lang='lat' dir='ltr'>quae</span> <span class='ocrx_word' id='word_1_256' title='bbox 1981 2302 2173 2362; x_wconf 89' lang='lat' dir='ltr'>castiget</span> 
     </span>
     <span class='ocr_line' id='line_1_29' title="bbox 377 2373 2170 2434; baseline 0.001 -16"><span class='ocrx_word' id='word_1_257' title='bbox 377 2373 637 2434; x_wconf 87' lang='lat' dir='ltr'>asperrime</span> <span class='ocrx_word' id='word_1_258' title='bbox 657 2388 899 2434; x_wconf 85' lang='lat' dir='ltr'>nugonem</span> <span class='ocrx_word' id='word_1_259' title='bbox 922 2373 1083 2427; x_wconf 82' lang='lat' dir='ltr'>istum,</span> <span class='ocrx_word' id='word_1_260' title='bbox 1105 2373 1375 2433; x_wconf 86' lang='lat' dir='ltr'>pharetram</span> <span class='ocrx_word' id='word_1_261' title='bbox 1396 2373 1612 2433; x_wconf 72' lang='lat' dir='ltr'>explicet,</span> <span class='ocrx_word' id='word_1_262' title='bbox 1636 2379 1709 2429; x_wconf 71' lang='lat' dir='ltr'>[et]</span> <span class='ocrx_word' id='word_1_263' title='bbox 1731 2374 1921 2434; x_wconf 87' lang='lat' dir='ltr'>sagittas</span> <span class='ocrx_word' id='word_1_264' title='bbox 1941 2376 2170 2427; x_wconf 84' lang='lat' dir='ltr'>dearmet,</span> 
     </span>
     <span class='ocr_line' id='line_1_30' title="bbox 378 2446 2173 2506; baseline 0.001 -16"><span class='ocrx_word' id='word_1_265' title='bbox 378 2461 540 2491; x_wconf 90' lang='lat' dir='ltr'>arcum</span> <span class='ocrx_word' id='word_1_266' title='bbox 580 2447 768 2501; x_wconf 82' lang='lat' dir='ltr'>enodet,</span> <span class='ocrx_word' id='word_1_267' title='bbox 809 2447 993 2490; x_wconf 92' lang='lat' dir='ltr'>taedam</span> <span class='ocrx_word' id='word_1_268' title='bbox 1041 2446 1330 2500; x_wconf 88' lang='lat' dir='ltr'>deflammet,</span> <span class='ocrx_word' id='word_1_269' title='bbox 1378 2446 1528 2490; x_wconf 94' lang='lat' dir='ltr'>immo</span> <span class='ocrx_word' id='word_1_270' title='bbox 1569 2458 1611 2490; x_wconf 90' lang='lat' dir='ltr'>et</span> <span class='ocrx_word' id='word_1_271' title='bbox 1652 2447 1808 2506; x_wconf 90' lang='lat' dir='ltr'>ipsum</span> <span class='ocrx_word' id='word_1_272' title='bbox 1856 2461 2028 2506; x_wconf 90' lang='lat' dir='ltr'>corpus</span> <span class='ocrx_word' id='word_1_273' title='bbox 2072 2447 2173 2491; x_wconf 87' lang='lat' dir='ltr'>eius</span> 
     </span>
     <span class='ocr_line' id='line_1_31' title="bbox 377 2517 2171 2562; baseline -0.001 0"><span class='ocrx_word' id='word_1_274' title='bbox 377 2517 639 2562; x_wconf 89' lang='lat' dir='ltr'>acrioribus</span> <span class='ocrx_word' id='word_1_275' title='bbox 665 2518 888 2562; x_wconf 89' lang='lat' dir='ltr'>remediis</span> <span class='ocrx_word' id='word_1_276' title='bbox 912 2518 1170 2561; x_wconf 89' lang='lat' dir='ltr'>coherceat.</span> <span class='ocrx_word' id='word_1_277' title='bbox 1197 2518 1333 2561; x_wconf 85' lang='lat' dir='ltr'>Tunc</span> <span class='ocrx_word' id='word_1_278' title='bbox 1359 2517 1561 2561; x_wconf 89' lang='lat' dir='ltr'>iniuriae</span> <span class='ocrx_word' id='word_1_279' title='bbox 1587 2533 1721 2562; x_wconf 89' lang='lat' dir='ltr'>meae</span> <span class='ocrx_word' id='word_1_280' title='bbox 1747 2519 1929 2562; x_wconf 90' lang='lat' dir='ltr'>litatum</span> <span class='ocrx_word' id='word_1_281' title='bbox 1968 2519 2171 2562; x_wconf 88' lang='lat' dir='ltr'>credide-</span> 
     </span>
     <span class='ocr_line' id='line_1_32' title="bbox 379 2589 2173 2648; baseline 0 -14"><span class='ocrx_word' id='word_1_282' title='bbox 379 2590 487 2645; x_wconf 91' lang='lat' dir='ltr'>rim,</span> <span class='ocrx_word' id='word_1_283' title='bbox 514 2605 623 2634; x_wconf 88' lang='lat' dir='ltr'>cum</span> <span class='ocrx_word' id='word_1_284' title='bbox 647 2590 749 2634; x_wconf 91' lang='lat' dir='ltr'>eius</span> <span class='ocrx_word' id='word_1_285' title='bbox 773 2605 949 2644; x_wconf 88' lang='lat' dir='ltr'>comas,</span> <span class='ocrx_word' id='word_1_286' title='bbox 977 2605 1093 2648; x_wconf 89' lang='lat' dir='ltr'>quas</span> <span class='ocrx_word' id='word_1_287' title='bbox 1118 2589 1217 2633; x_wconf 91' lang='lat' dir='ltr'>istis</span> <span class='ocrx_word' id='word_1_288' title='bbox 1241 2589 1464 2633; x_wconf 88' lang='lat' dir='ltr'>manibus</span> <span class='ocrx_word' id='word_1_289' title='bbox 1489 2590 1609 2634; x_wconf 92' lang='lat' dir='ltr'>meis</span> <span class='ocrx_word' id='word_1_290' title='bbox 1634 2590 1837 2634; x_wconf 90' lang='lat' dir='ltr'>subinde</span> <span class='ocrx_word' id='word_1_291' title='bbox 1857 2606 2000 2634; x_wconf 89' lang='lat' dir='ltr'>aureo</span> <span class='ocrx_word' id='word_1_292' title='bbox 2022 2590 2173 2634; x_wconf 90' lang='lat' dir='ltr'>nitore</span> 
     </span>
     <span class='ocr_line' id='line_1_33' title="bbox 380 2662 2170 2721; baseline 0 -15"><span class='ocrx_word' id='word_1_293' title='bbox 380 2663 650 2721; x_wconf 87' lang='lat' dir='ltr'>perstrinxi,</span> <span class='ocrx_word' id='word_1_294' title='bbox 670 2662 914 2716; x_wconf 86' lang='lat' dir='ltr'>deraserit,</span> <span class='ocrx_word' id='word_1_295' title='bbox 938 2662 1126 2721; x_wconf 90' lang='lat' dir='ltr'>pinnas,</span> <span class='ocrx_word' id='word_1_296' title='bbox 1147 2677 1263 2720; x_wconf 91' lang='lat' dir='ltr'>quas</span> <span class='ocrx_word' id='word_1_297' title='bbox 1283 2676 1390 2705; x_wconf 93' lang='lat' dir='ltr'>meo</span> <span class='ocrx_word' id='word_1_298' title='bbox 1414 2663 1597 2721; x_wconf 88' lang='lat' dir='ltr'>gremio</span> <span class='ocrx_word' id='word_1_299' title='bbox 1618 2664 1821 2707; x_wconf 89' lang='lat' dir='ltr'>nectarei</span> <span class='ocrx_word' id='word_1_300' title='bbox 1843 2663 1987 2706; x_wconf 90' lang='lat' dir='ltr'>fontis</span> <span class='ocrx_word' id='word_1_301' title='bbox 2014 2663 2170 2707; x_wconf 87' lang='lat' dir='ltr'>infeci.</span> 
     </span>
     <span class='ocr_line' id='line_1_34' title="bbox 381 2734 781 2792; baseline 0.003 -15"><span class='ocrx_word' id='word_1_302' title='bbox 381 2734 781 2792; x_wconf 81' lang='lat' dir='ltr'>praetotonderit³.</span> 
     </span>
    </p>

    <p class='ocr_par' dir='ltr' id='par_1_8' title="bbox 381 2804 2173 3225">
     <span class='ocr_line' id='line_1_35' title="bbox 525 2804 2171 2863; baseline 0 -13"><span class='ocrx_word' id='word_1_303' title='bbox 525 2806 548 2850; x_wconf 80' lang='lat'>3</span> <span class='ocrx_word' id='word_1_304' title='bbox 563 2823 576 2850; x_wconf 93' lang='lat'><em>1</em></span> <span class='ocrx_word' id='word_1_305' title='bbox 618 2805 696 2852; x_wconf 85' lang='lat' dir='ltr'>Sic</span> <span class='ocrx_word' id='word_1_306' title='bbox 711 2806 846 2850; x_wconf 86' lang='lat' dir='ltr'>effata</span> <span class='ocrx_word' id='word_1_307' title='bbox 865 2807 989 2849; x_wconf 77' lang='lat' dir='ltr'>foras</span> <span class='ocrx_word' id='word_1_308' title='bbox 1009 2821 1108 2849; x_wconf 88' lang='lat' dir='ltr'>sese</span> <span class='ocrx_word' id='word_1_309' title='bbox 1124 2804 1324 2863; x_wconf 89' lang='lat' dir='ltr'>proripit</span> <span class='ocrx_word' id='word_1_310' title='bbox 1339 2804 1504 2848; x_wconf 81' lang='lat' dir='ltr'>infesta</span> <span class='ocrx_word' id='word_1_311' title='bbox 1520 2817 1563 2849; x_wconf 91' lang='lat' dir='ltr'>et</span> <span class='ocrx_word' id='word_1_312' title='bbox 1583 2807 1876 2850; x_wconf 89' lang='lat' dir='ltr'>stomachata</span> <span class='ocrx_word' id='word_1_313' title='bbox 1893 2806 2008 2850; x_wconf 92' lang='lat' dir='ltr'>biles</span> <span class='ocrx_word' id='word_1_314' title='bbox 2024 2806 2171 2850; x_wconf 57' lang='lat' dir='ltr'>Vene-</span> 
     </span>
     <span class='ocr_line' id='line_1_36' title="bbox 381 2876 2171 2937; baseline -0.001 -15"><span class='ocrx_word' id='word_1_315' title='bbox 381 2877 489 2922; x_wconf 90' lang='lat' dir='ltr'>rias.</span> <span class='ocrx_word' id='word_1_316' title='bbox 519 2877 612 2924; x_wconf 90' lang='lat' dir='ltr'>Sed</span> <span class='ocrx_word' id='word_1_317' title='bbox 639 2892 742 2922; x_wconf 90' lang='lat' dir='ltr'>eam</span> <span class='ocrx_word' id='word_1_318' title='bbox 775 2877 991 2937; x_wconf 89' lang='lat' dir='ltr'>protinus</span> <span class='ocrx_word' id='word_1_319' title='bbox 1025 2877 1168 2923; x_wconf 89' lang='lat' dir='ltr'>Ceres</span> <span class='ocrx_word' id='word_1_320' title='bbox 1199 2887 1242 2921; x_wconf 93' lang='lat' dir='ltr'>et</span> <span class='ocrx_word' id='word_1_321' title='bbox 1272 2876 1392 2920; x_wconf 91' lang='lat' dir='ltr'>Iuno</span> <span class='ocrx_word' id='word_1_322' title='bbox 1421 2877 1727 2922; x_wconf 89' lang='lat' dir='ltr'>continantur</span> <span class='ocrx_word' id='word_1_323' title='bbox 1758 2878 2007 2937; x_wconf 89' lang='lat' dir='ltr'>uisamque</span> <span class='ocrx_word' id='word_1_324' title='bbox 2040 2878 2171 2922; x_wconf 89' lang='lat' dir='ltr'>uultu</span> 
     </span>
     <span class='ocr_line' id='line_1_37' title="bbox 381 2948 2169 3008; baseline -0.001 -15"><span class='ocrx_word' id='word_1_325' title='bbox 381 2949 565 2993; x_wconf 89' lang='lat' dir='ltr'>tumido</span> <span class='ocrx_word' id='word_1_326' title='bbox 585 2949 848 3008; x_wconf 88' lang='lat' dir='ltr'>quaesiere,</span> <span class='ocrx_word' id='word_1_327' title='bbox 866 2964 948 2994; x_wconf 90' lang='lat' dir='ltr'>cur</span> <span class='ocrx_word' id='word_1_328' title='bbox 963 2949 1080 2993; x_wconf 89' lang='lat' dir='ltr'>truci</span> <span class='ocrx_word' id='word_1_329' title='bbox 1098 2948 1350 3007; x_wconf 87' lang='lat' dir='ltr'>supercilio</span> <span class='ocrx_word' id='word_1_330' title='bbox 1372 2960 1549 2992; x_wconf 90' lang='lat' dir='ltr'>tantam</span> <span class='ocrx_word' id='word_1_331' title='bbox 1575 2962 1873 2993; x_wconf 91' lang='lat' dir='ltr'>uenustatem</span> <span class='ocrx_word' id='word_1_332' title='bbox 1893 2950 2169 2994; x_wconf 87' lang='lat' dir='ltr'>micantium</span> 
     </span>
     <span class='ocr_line' id='line_1_38' title="bbox 381 3020 2173 3081; baseline 0 -16"><span class='ocrx_word' id='word_1_333' title='bbox 381 3021 630 3066; x_wconf 90' lang='lat' dir='ltr'>oculorum</span> <span class='ocrx_word' id='word_1_334' title='bbox 649 3022 947 3067; x_wconf 79' lang='lat' dir='ltr'>coherceret?</span> <span class='ocrx_word' id='word_1_335' title='bbox 974 3025 1035 3066; x_wconf 89' lang='lat' dir='ltr'>At</span> <span class='ocrx_word' id='word_1_336' title='bbox 1055 3020 1131 3064; x_wconf 88' lang='lat' dir='ltr'>illa</span> <span class='ocrx_word' id='word_1_337' title='bbox 1155 3038 1162 3064; x_wconf 93' lang='lat'>:</span> <span class='ocrx_word' id='word_1_338' title='bbox 1183 3025 1444 3080; x_wconf 80' lang='lat' dir='ltr'>‘oportune²</span> <span class='ocrx_word' id='word_1_339' title='bbox 1469 3020 1624 3080; x_wconf 90' lang='lat' dir='ltr'>inquit</span> <span class='ocrx_word' id='word_1_340' title='bbox 1643 3021 1843 3066; x_wconf 78' lang='lat' dir='ltr'>‘ardenti</span> <span class='ocrx_word' id='word_1_341' title='bbox 1866 3037 2060 3081; x_wconf 87' lang='lat' dir='ltr'>prorsus</span> <span class='ocrx_word' id='word_1_342' title='bbox 2086 3021 2173 3066; x_wconf 76' lang='lat' dir='ltr'>isto</span> 
     </span>
     <span class='ocr_line' id='line_1_39' title="bbox 382 3093 2171 3153; baseline 0 -16"><span class='ocrx_word' id='word_1_343' title='bbox 382 3108 489 3138; x_wconf 91' lang='lat' dir='ltr'>meo</span> <span class='ocrx_word' id='word_1_344' title='bbox 514 3094 689 3153; x_wconf 92' lang='lat' dir='ltr'>pectori</span> <span class='ocrx_word' id='word_1_345' title='bbox 717 3094 977 3139; x_wconf 92' lang='lat' dir='ltr'>uolentiam</span> <span class='ocrx_word' id='word_1_346' title='bbox 1003 3093 1175 3137; x_wconf 90' lang='lat' dir='ltr'>scilicet</span> <span class='ocrx_word' id='word_1_347' title='bbox 1200 3105 1552 3151; x_wconf 86' lang='lat' dir='ltr'>perpetraturae</span> <span class='ocrx_word' id='word_1_348' title='bbox 1580 3094 1769 3138; x_wconf 81' lang='lat' dir='ltr'>uenitiS.</span> <span class='ocrx_word' id='word_1_349' title='bbox 1798 3093 1891 3141; x_wconf 88' lang='lat' dir='ltr'>Sed</span> <span class='ocrx_word' id='word_1_350' title='bbox 1918 3094 2045 3148; x_wconf 84' lang='lat' dir='ltr'>totis,</span> <span class='ocrx_word' id='word_1_351' title='bbox 2071 3109 2171 3145; x_wconf 80' lang='lat' dir='ltr'>oro,</span> 
     </span>
     <span class='ocr_line' id='line_1_40' title="bbox 383 3164 2170 3225; baseline -0.001 -16"><span class='ocrx_word' id='word_1_352' title='bbox 383 3165 550 3210; x_wconf 83' lang='lat' dir='ltr'>uestris</span> <span class='ocrx_word' id='word_1_353' title='bbox 577 3166 759 3211; x_wconf 84' lang='lat' dir='ltr'>uiribus</span> <span class='ocrx_word' id='word_1_354' title='bbox 785 3166 1000 3225; x_wconf 65' lang='lat' dir='ltr'>Psychen</span> <span class='ocrx_word' id='word_1_355' title='bbox 1038 3165 1165 3209; x_wconf 87' lang='lat' dir='ltr'>illam</span> <span class='ocrx_word' id='word_1_356' title='bbox 1201 3164 1451 3224; x_wconf 85' lang='lat' dir='ltr'>fugitiuam</span> <span class='ocrx_word' id='word_1_357' title='bbox 1489 3165 1741 3209; x_wconf 88' lang='lat' dir='ltr'>uolaticam</span> <span class='ocrx_word' id='word_1_358' title='bbox 1776 3166 1893 3210; x_wconf 92' lang='lat' dir='ltr'>mihi</span> <span class='ocrx_word' id='word_1_359' title='bbox 1932 3165 2170 3223; x_wconf 88' lang='lat' dir='ltr'>requirite.</span> 
     </span>
    </p>

    <p class='ocr_par' dir='ltr' id='par_1_9' title="bbox 2013 3243 2032 3274">
     <span class='ocr_line' id='line_1_41' title="bbox 2013 3243 2032 3274; baseline 0 0"><span class='ocrx_word' id='word_1_360' title='bbox 2013 3243 2032 3274; x_wconf 76' lang='lat'>:2</span> 
     </span>
    </p>
   </div>
   <div class='ocr_carea' id='block_1_8' title="bbox 2218 1097 2266 1123">
    <p class='ocr_par' dir='ltr' id='par_1_10' title="bbox 2218 1097 2266 1123">
     <span class='ocr_line' id='line_1_42' title="bbox 2218 1097 2266 1123; baseline -0.063 0"><span class='ocrx_word' id='word_1_361' title='bbox 2218 1097 2223 1123; x_wconf 97' lang='lat' dir='ltr'>l</span> <span class='ocrx_word' id='word_1_362' title='bbox 2240 1097 2266 1121; x_wconf 50' lang='lat'>(⁷)</span> 
     </span>
    </p>
   </div>
   <div class='ocr_carea' id='block_1_9' title="bbox 2216 2522 2271 2565">
    <p class='ocr_par' dir='ltr' id='par_1_11' title="bbox 2216 2522 2271 2565">
     <span class='ocr_line' id='line_1_43' title="bbox 2216 2522 2271 2565; baseline -0.055 0"><span class='ocrx_word' id='word_1_363' title='bbox 2216 2522 2271 2565; x_wconf 72' lang='lat'>30</span> 
     </span>
    </p>
   </div>
   <div class='ocr_carea' id='block_1_10' title="bbox 2217 2882 2270 2925">
    <p class='ocr_par' dir='ltr' id='par_1_12' title="bbox 2217 2882 2270 2925">
     <span class='ocr_line' id='line_1_44' title="bbox 2217 2882 2270 2925; baseline 0 0"><span class='ocrx_word' id='word_1_364' title='bbox 2217 2882 2238 2925; x_wconf 66' lang='lat'>‘3</span> <span class='ocrx_word' id='word_1_365' title='bbox 2249 2883 2270 2925; x_wconf 74' lang='lat'><strong>5</strong></span> 
     </span>
    </p>
   </div>
  </div>
 </body>
</html>
