2680 3690
334 1046 383 1073 ΙΟ

324 1763 380 1793 20

322 2110 377 2152 25

318 2830 373 2873 35

425 391 504 423 tua
544 394 611 426 est
647 381 951 434 existimatiQ
986 395 1144 427 utrum
1185 384 1430 429 sororibus
1464 401 1551 445 pro
1586 397 1662 429 tua
1693 400 1799 429 cara
1835 386 1982 430 salute
2019 387 2230 432 sollicitis

426 452 652 496 adsentiri
686 453 805 497 uelis
840 465 883 496 et
915 454 1149 499 declinata
1187 468 1336 500 morte
1369 457 1617 501 nobiscum
1655 471 1816 501 secura
1842 457 2039 516 periculi
2067 458 2229 503 uiuere

427 540 485 568 an
523 524 831 569 saeuissimae
863 525 1038 589 bestiae
1071 528 1261 586 sepeliri
1299 529 1575 574 uisceribus.
1608 528 1754 587 Quod
1788 528 1824 573 si
1861 541 1903 573 te
1938 530 2063 574 ruris
2088 530 2230 575 huius

429 595 606 639 uocalis
631 596 839 641 solitudo
866 597 938 641 uel
972 598 1294 644 clandestinae
1325 601 1517 645 ueneris
1553 600 1711 645 faetidi
1744 600 2093 661 periculosique
2118 616 2229 646 con-

426 667 616 712 cubitus
641 680 685 712 et
710 670 932 712 uenenati
960 671 1194 730 serpentis
1218 672 1466 730 amplexus
1489 673 1740 727 delectant,
1766 685 1888 718 certe
1914 673 2019 733 piae
2043 688 2230 718 sorores

427 752 641 784 nostrum
676 740 955 784 fecerimus'.
983 743 1122 785 Tunc
1150 743 1334 802 Psyche
1367 745 1568 799 misella,
1597 756 1757 804 utpote
1788 745 1988 804 simplex
2012 757 2056 789 et
2080 745 2226 789 animi

426 812 615 866 tenella,
645 812 825 870 rapitur
851 813 1109 857 uerborum
1137 826 1229 858 tam
1257 815 1461 859 tristium
1489 815 1746 860 formidine
1774 833 1782 859 :
1811 828 1937 860 extra
1968 816 2226 861 terminum

426 883 600 927 mentis
625 899 737 927 suae
763 884 914 942 posita
942 900 1136 943 prorsus
1159 886 1379 930 omnium
1408 887 1562 931 mariti
1590 887 1910 931 monitionum
1936 902 2228 946 suarumque

426 955 803 1013 promissionum
842 956 1124 999 memoriam
1152 956 1319 1001 effudit
1343 970 1387 1002 et
1414 955 1778 1017 in'profundum
1815 959 2095 1003 calamitatis
2129 973 2228 1003 sese

426 1026 775 1085 praecipitauit,
815 1040 1119 1086 tremensque
1154 1040 1197 1071 et
1231 1030 1431 1087 exangui
1467 1030 1622 1074 colore
1659 1030 1831 1085 lurida,
1867 1030 2049 1075 tertiata
2085 1031 2228 1074 uerba

425 1099 679 1143 semhianti
708 1114 822 1143 uoce
849 1099 1157 1159 substrepens
1183 1100 1247 1144 sic
1272 1102 1329 1144 ad
1356 1102 1460 1146 illas
1484 1102 1547 1146 ait
1575 1120 1583 1146 :

578 1191 630 1234 ¹9
662 1176 774 1219 ‘Vos
789 1175 1004 1234 quidem,
1020 1177 1292 1221 carissimae
1307 1192 1513 1233 sorores,
1531 1190 1579 1222 ut
1594 1193 1677 1237 par
1691 1190 1806 1232 erat,
1821 1178 1865 1222 in
1879 1177 2032 1222 officio
2046 1191 2228 1223 uestrae

426 1248 613 1307 pietatis
650 1248 957 1307 permanetis,
998 1263 1163 1292 uerum
1204 1261 1248 1292 et
1286 1249 1350 1292 illi
1392 1250 1471 1308 qui
1515 1250 1625 1294 talia
1666 1250 1804 1294 uobis
1843 1250 2095 1294 adfirmant
2132 1265 2225 1294 non

426 1320 650 1364 uidentur
676 1320 791 1364 mihi
819 1320 1122 1364 mendacium
1150 1321 1345 1380 fingere.
1376 1322 1476 1365 Nec
1501 1322 1629 1366 enim
1656 1337 1866 1381 unquam
1896 1322 1981 1366 uiri
2012 1322 2100 1366 mei
2131 1322 2226 1366 uidi

425 1392 590 1437 faciem
620 1393 694 1437 uel
714 1392 915 1437 omnino
934 1392 1102 1437 cuiatis
1123 1393 1180 1437 sit
1201 1393 1333 1448 noui„
1356 1394 1436 1438 sed
1458 1405 1641 1438 tantum
1665 1394 1911 1438 nocturnis
1935 1394 2229 1439 subaudiens

426 1464 625 1509 uocibus
653 1465 874 1509 maritum
899 1465 1061 1509 incerti
1090 1477 1237 1509 status
1263 1477 1305 1509 et
1331 1481 1526 1524 prorsus
1552 1466 1806 1526 lucifugam
1833 1466 1981 1510 tolero
2006 1466 2228 1510 bestiam-

424 1552 515 1595 que
551 1537 759 1595 aliquam
799 1549 920 1581 recte
954 1537 1223 1580 dicentibus
1260 1537 1398 1581 uobis
1435 1538 1604 1581 merito
1639 1538 1901 1581 consentio.
1937 1538 2015 1581 Me
2050 1537 2228 1596 quippe

426 1624 718 1668 magnopere
755 1624 943 1667 semper
977 1624 1001 1652 a
1037 1610 1135 1652 suis
1169 1621 1311 1653 terret
1344 1609 1615 1668 aspectibus
1651 1610 1926 1668 malumque
1960 1609 2137 1668 grande
2171 1609 2227 1652 de

425 1681 586 1725 uultus
641 1680 911 1724 curiositate
969 1682 1309 1739 praeminatur.
1361 1682 1503 1725 Nunc
1549 1682 1734 1739 siquam
1789 1682 2040 1725 salutarem
2087 1695 2225 1739 opem

424 1752 709 1813 periclitanti
758 1752 907 1798 sorori
952 1766 1135 1798 uestrae
1177 1753 1371 1812 potestis
1411 1753 1613 1807 adferre,
1658 1753 1749 1798 iam
1793 1769 1917 1798 nunc
1957 1752 2226 1807 subsistite3

422 1838 631 1870 ceterum
666 1825 1081 1885 incuriajsequens
1113 1825 1286 1885 prioris
1317 1826 1648 1885 prouidentiae
1681 1825 1908 1870 beneficia
1934 1824 2224 1884 corrumpit’.

421 1899 559 1941 Tunc
587 1910 784 1942 nanctae
816 1898 907 1941 iam
942 1901 1090 1956 portis
1116 1898 1388 1956 patentibus
1415 1899 1646 1942 nudatum
1674 1898 1851 1941 sororis
1875 1898 2087 1941 animum
2115 1896 2225 1940 faci-

422 1984 623 2013 norosae
650 1969 875 2013 mulieres
899 1969 1091 2013 omissis
1116 1981 1259 2013 tectae
1282 1970 1531 2013 machinae
1553 1969 1780 2023 latibulis,
1802 1969 2035 2013 destrictis
2058 1969 2227 2028 gladiis

422 2041 687 2098 fraudium]
710 2041 942 2099 simplicis
988 2042 1172 2100 puellae
1219 2054 1448 2099 pauentes
1493 2041 1803 2100 cogitationes
1850 2041 2100 2085 inuadunt.
2149 2041 2226 2087 Sic

421 2113 631 2172 denique
656 2113 799 2157 altera
829 2131 837 2156 ;

568 2202 625 2231 20
657 2186 921 2245 ‘Quoniam
958 2202 1044 2231 nos
1078 2186 1279 2246 originis
1311 2202 1458 2230 nexus
1484 2202 1569 2244 pro
1594 2198 1672 2229 tua
1700 2184 2022 2229 incolumitate
2048 2184 2225 2243 pericu-

421 2259 518 2304 lum
545 2258 739 2318 quidem
769 2258 952 2303 nullum
991 2271 1097 2303 ante
1126 2258 1290 2303 oculos
1324 2258 1499 2302 habere
1529 2257 1788 2317 compellit,
1818 2256 1943 2301 uiam
1976 2273 2096 2316 quae
2128 2257 2225 2301 sola

419 2331 610 2376 deducit
634 2331 761 2388 [iter]
786 2331 843 2375 ad
876 2331 1074 2375 salutem
1102 2331 1183 2375 diu
1217 2331 1396 2389 diuque
1432 2334 1681 2390 cogitatam
1718 2329 2095 2373 monstrabimus
2119 2328 2220 2373 tibi.

421 2404 722 2448 Nouaculam
761 2415 1084 2462 praeacutam,
1110 2404 1313 2462 adpulsu
1340 2402 1479 2447 etiam
1511 2402 1750 2461 palmulae
1787 2401 2007 2445 lenientis
2038 2416 2223 2459 exaspe-

421 2487 566 2518 ratam
594 2475 683 2518 tori
709 2490 802 2533 qua
834 2486 965 2534 parte
989 2475 1164 2518 cubare
1189 2475 1425 2517 consuesti
1463 2475 1661 2518 latenter
1691 2473 1928 2516 absconde
1965 2472 2223 2516 lucernam-

418 2563 513 2605 que
535 2548 819 2590 concinnem
853 2548 1136 2605 completam
1164 2548 1286 2599 oleo,
1313 2548 1439 2589 claro
1465 2546 1646 2589 lumine
1679 2544 2048 2604 praemicantem
2075 2544 2223 2587 subde

418 2619 579 2678 aliquo
595 2618 860 2664 claudentis
877 2619 1064 2662 aululae
1081 2618 1307 2679 tegmine,
1326 2618 1556 2677 omnique
1574 2619 1662 2661 isto
1678 2627 1908 2677 apparatu
1926 2615 2222 2661 tenacissime

417 2692 737 2744 dissimulato,
781 2703 1034 2749 postquam
1076 2692 1280 2734 sulcatos
1321 2691 1567 2734 intrahens
1605 2704 1795 2749 gressus
1834 2688 1990 2732 cubile
2030 2688 2219 2732 solitum

417 2763 747 2808 conscenderit
764 2762 956 2822 iamque
973 2775 1218 2822 porrectus
1237 2775 1280 2807 et
1297 2762 1491 2807 exordio
1507 2761 1664 2806 somni
1683 2759 1943 2821 prementis
1965 2759 2223 2820 implicitus

416 2836 563 2880 altum
583 2850 804 2895 soporem
824 2835 936 2880 flare
953 2835 1179 2894 coeperit,
1199 2847 1302 2880 toro
1318 2835 1510 2894 delapsa
1528 2835 1753 2893 nudoque
1772 2832 1973 2893 uestigio
1990 2832 2219 2892 pensilem

414 2909 614 2969 gradum
674 2907 943 2968 pullulatim
1004 2908 1226 2953 minuens
1282 2924 1446 2953 caecae
1491 2907 1713 2952 tenebrae
1758 2905 1970 2950 custodia
2028 2904 2222 2950 liberata

416 2980 609 3025 lucerna
651 2979 878 3040 praeclari
920 2980 984 3025 tui
1028 2980 1250 3025 facinoris
1283 2979 1657 3039 oportunitatem
1692 2979 1749 3023 de
1792 2977 1988 3022 luminis
2022 2977 2221 3021 consilio

416 3065 634 3098 mutuare
666 3052 937 3111 etssancipiti
973 3053 1066 3097 telo
1102 3053 1182 3097 illo
1216 3052 1455 3097 audaciter
1486 3051 1619 3110 prius
1652 3051 1842 3095 dextera
1879 3064 2066 3094 sursum
2103 3049 2219 3094 elata

416 3125 522 3169 nisu
549 3139 692 3183 quam
721 3124 881 3169 ualido
909 3124 1034 3168 noxii
1063 3124 1296 3183 serpentis
1323 3124 1502 3168 nodum
1528 3121 1727 3167 ceruicis
1753 3133 1796 3166 et
1820 3120 1987 3180 capitis
2012 3120 2217 3165 abscide.
