2680 3690
1205 325 1459 369 „5-

426 470 758 519 conteguntur,
802 456 962 502 bestiis
1002 468 1045 501 et
1085 455 1130 501 id
1175 471 1324 515 genus
1369 455 1631 515 pecudibus
1670 456 2029 501 occurrentibus
2069 457 2128 501 ob
2169 475 2219 501 os

428 530 789 577 introeuntium.
814 528 969 573 Mirus
994 543 1213 586 prorsum
1236 528 1397 581 homo7
1421 527 1568 572 immo
1589 528 1827 573 semideus
1849 529 1922 572 uel
1942 541 2063 573 certe
2083 529 2216 579 deus,

426 602 506 662 qui
533 616 733 661 magnae
765 599 877 645 artis
912 586 1169 658 suptilitate
1203 610 1387 643 tantum
1420 599 1631 643 efferauit
1660 612 1926 658 argentum.
1956 600 2219 644 Enimuero

426 673 701 733 pauimenta
732 671 833 730 ipsa
864 671 1019 729 lapide
1051 671 1256 729 pretioso
1285 670 1455 714 caesim
1490 670 1737 714 deminuto
1770 671 1815 714 in
1850 671 1978 714 uaria
2010 671 2218 728 picturae

425 759 596 804 genera
627 742 1032 788 discriminantur.
1061 741 1380 786 Vehementer
1405 741 1575 785 iterum
1601 757 1651 785 ac
1683 742 1870 801 saepius
1902 742 2062 785 beatos
2094 742 2216 794 illos.

426 816 506 877 qui
532 814 735 875 superbe
766 828 978 873 gemmas
1009 825 1051 858 et
1084 812 1279 858 monilia
1314 812 1517 858 calcant!
1555 813 1651 858 Iam
1686 825 1863 858 ceterae
1899 826 2054 872 partes
2080 814 2217 873 longe

427 891 612 946 lateque
629 884 886 945 dispositae
920 885 1093 930 domus
1109 885 1210 930 sine
1223 884 1374 944 pretio
1385 884 1806 944 pretiosaetotique
1819 884 2215 944 parietessolidati

426 959 593 1006 massis
637 956 793 1002 aureis
838 958 1089 1016 splendore
1136 957 1330 1016 proprio
1374 970 1638 1012 coruscant,
1678 970 1727 1002 ut
1770 957 1894 1002 diem
1943 973 2080 1002 suum
2128 957 2216 1002 sibi

424 1032 596 1077 domus
626 1029 764 1073 faciat
788 1029 892 1073 licet
917 1029 1012 1073 sole
1040 1029 1255 1083 nolente;
1288 1028 1353 1073 sic
1383 1029 1616 1084 cubicula,
1645 1030 1708 1074 sic
1740 1029 1967 1089 porticus,
1994 1029 2057 1074 sic
2089 1029 2217 1089 ipsae

424 1104 620 1149 balneae
644 1101 901 1163 fulgurant.
931 1102 1030 1146 Nec
1055 1101 1199 1146 setius
1224 1116 1338 1162 opes
1363 1114 1539 1147 ceterae
1566 1102 1795 1147 maiestati
1823 1103 1994 1147 domus
2028 1117 2216 1162 respon-

424 1176 553 1228 dent,
581 1186 630 1218 ut
654 1173 873 1232 equidem
903 1174 1017 1217 illud
1044 1185 1165 1217 recte
1191 1173 1410 1217 uideatur
1433 1175 1490 1217 ad
1517 1174 1927 1217 conuersationem
1956 1175 2215 1218 humanam

425 1261 598 1305 magno
625 1245 727 1290 Ioui
755 1244 1034 1289 fabricatum
1059 1245 1254 1289 caeleste
1280 1245 1526 1303 palatium.

569 1331 592 1360 2
632 1316 834 1361 Inuitata
854 1316 1037 1375 Psyche
1053 1316 1217 1360 talium
1237 1317 1447 1360 locorum
1470 1316 1783 1361 oblectatione
1806 1317 2003 1375 propius
2026 1318 2217 1361 accessit

424 1400 466 1432 et
505 1388 647 1446 paulo
684 1387 906 1431 fidentior
946 1387 1065 1431 intra
1108 1387 1250 1431 limen
1293 1403 1392 1431 sese
1429 1387 1555 1441 facit,
1592 1403 1700 1431 mox
1738 1389 2023 1446 prolectante
2060 1389 2216 1432 studio

424 1459 772 1519 pulcherrimae
800 1458 998 1503 uisionis
1025 1458 1223 1504 rimatur
1247 1457 1431 1518 singula
1457 1470 1500 1503 et
1523 1458 1801 1504 altrinsecus
1826 1459 2011 1504 aedium
2047 1460 2216 1504 horrea

423 1530 616 1575 sublimi
650 1530 823 1575 fabrica
860 1530 1061 1590 perfecta
1099 1530 1380 1590 magnisque
1417 1542 1636 1590 congesta
1671 1531 1797 1590 gazis
1829 1531 2073 1590 conspicit.
2117 1533 2216 1577 Nec

422 1614 490 1646 est
514 1602 767 1661 quicquam
802 1603 928 1660 quod
956 1602 1018 1646 ibi
1046 1618 1139 1646 non
1167 1614 1251 1646 est.
1278 1600 1371 1648 Sed
1398 1615 1583 1660 praeter
1607 1615 1807 1647 ceteram
1835 1615 2070 1647 tantarum
2098 1604 2214 1648 diui-

421 1674 593 1718 tiarum
635 1673 997 1718 admirationem
1042 1674 1128 1718 hoc
1168 1685 1265 1718 erat
1301 1674 1553 1733 praecipue
1599 1673 1871 1728 mirificum,
1917 1675 2043 1732 quod
2085 1676 2215 1719 nullo

423 1746 634 1799 uinculo7
668 1746 798 1789 nullo
834 1746 1054 1799 claustro„
1091 1746 1221 1790 nullo
1258 1747 1450 1789 custode
1487 1745 1631 1789 totius
1665 1746 1794 1790 orbis
1831 1748 2114 1790 thensaurus
2140 1748 2215 1790 ille

421 1817 742 1862 muniebatur.
774 1818 904 1863 Haec
934 1818 971 1862 ei
1001 1833 1186 1862 summa
1217 1833 1323 1862 cum
1358 1818 1598 1878 uoluptate
1633 1818 1803 1862 uisenti
1835 1818 1968 1863 offert
2000 1834 2099 1863 sese
2125 1835 2213 1863 uox

421 1892 654 1950 quaedam
676 1891 888 1951 corporis
905 1891 976 1935 sui
994 1892 1118 1936 nuda
1136 1903 1178 1935 et
1194 1890 1339 1950 ‘quid’
1355 1890 1747 1951 inquit‘domina,
1763 1892 1906 1936 tantis
1921 1892 2214 1952 obstupescis

420 1963 623 2023 opibus?
656 1976 734 2009 tua
760 1976 868 2009 sunt
904 1965 1015 2009 haec
1039 1964 1218 2009 omnia.
1258 1964 1466 2009 Prohinc
1501 1964 1720 2009 cubiculo
1745 1977 1787 2009 te
1821 1964 1942 2009 refer
1966 1978 2009 2009 et
2043 1965 2214 2010 lectulo

421 2036 750 2081 lassitudinem
791 2036 950 2081 refoue
991 2049 1033 2081 et
1072 2052 1124 2081 ex
1164 2036 1361 2081 arbitrio
1398 2037 1640 2081 lauacrum
1682 2048 1802 2096 pete.
1848 2038 1967 2089 Nos,
2010 2054 2210 2096 quarum

421 2123 560 2153 uoces
599 2108 790 2168 accipis,
832 2121 937 2153 tuae
977 2108 1199 2164 famulae,
1241 2109 1405 2153 sedulo
1444 2108 1527 2153 tibi
1571 2109 2085 2168 praeministrabimus,
2130 2125 2213 2154 nec

417 2180 630 2240 corporis
654 2193 840 2225 curatae
869 2181 951 2225 tibi
981 2181 1158 2241 regales
1182 2181 1349 2240 epulae
1374 2178 1716 2225 morabuntur³.

564 2253 586 2297 3
624 2253 2209 2314 SensitPsychediuinaeprouidentiaebeatitudinemmonitusque.

419 2340 557 2368 uoces
582 2324 810 2369 informes
829 2325 1044 2380 audiens,
1067 2338 1110 2369 et
1135 2325 1267 2384 prius
1292 2340 1461 2369 somno
1480 2338 1522 2369 et
1547 2340 1653 2369 mox
1674 2326 1861 2370 lauacro
1886 2325 2209 2386 fatigationem

417 2396 488 2440 sui
515 2396 672 2449 diluit,
710 2398 908 2455 uisoque
949 2397 1103 2441 statim
1142 2397 1358 2455 proximo
1391 2397 1719 2441 semirutundo
1745 2409 1984 2456 suggestu,
2020 2412 2212 2456 propter

417 2467 788 2513 instrumentum
834 2469 1126 2513 cenatorium
1175 2481 1271 2513 rata
1316 2468 1507 2513 refectui
1553 2484 1638 2512 suo
1683 2470 2024 2522 commodum„
2057 2470 2210 2514 libens

416 2539 666 2584 accumbit.
717 2541 774 2585 Et
820 2540 926 2585 ilico
973 2540 1071 2585 uini
1126 2540 1329 2585 nectarei
1381 2540 1689 2598 eduliumque
1740 2541 1982 2585 uariorum
2035 2541 2209 2586 fercula

415 2612 605 2672 copiosa
632 2612 764 2658 nullo
789 2612 1023 2659 seruiente
1049 2614 1128 2659 sed
1155 2625 1337 2659 tantum
1365 2612 1532 2674 spiritu
1559 2613 1764 2673 quodam
1797 2612 2002 2673 impulsa
2033 2614 2208 2660 submi-

416 2685 693 2731 nistrantur,
733 2687 834 2732 Nec
870 2701 1143 2745 quenquam
1185 2698 1342 2731 tamen
1386 2686 1463 2731 illa
1504 2686 1664 2731 uidere
1705 2698 1903 2745 poterat,
1942 2687 2021 2731 sed
2064 2688 2208 2732 uerba

414 2768 598 2801 tantum
635 2758 857 2802 audiebat
886 2758 1149 2803 excidentia
1187 2769 1229 2803 et
1266 2759 1388 2803 solas
1427 2773 1565 2803 uoces
1599 2757 1799 2803 famulas
1834 2754 2053 2804 habebat.
2097 2759 2209 2804 Post

414 2828 600 2887 opimas
618 2830 763 2889 dapes
779 2830 971 2889 quidam
995 2830 1261 2874 introcessit
1276 2841 1319 2874 et
1334 2830 1541 2874 cantauit
1562 2829 1762 2884 inuisu5‚
1780 2841 1823 2874 et
1838 2829 1958 2874 alius
1978 2829 2204 2875 citharam

414 2900 639 2958 pulsauit,
681 2916 801 2960 quae
841 2902 1093 2945 uidebatur
1128 2916 1212 2945 nec
1249 2902 1365 2961 ipsa.
1405 2903 1543 2946 Tunc
1581 2902 1847 2946 modulatae
1885 2902 2207 2947 multitudinis

413 2971 622 3016 conferta
667 2988 756 3016 uox
801 2989 939 3017 aures
978 2973 1079 3017 eius
1125 2973 1350 3028 adfertur,
1394 2986 1459 3029 ut,
1501 2973 1722 3033 quamuis
1763 2973 2017 3018 hominum
2065 2989 2206 3019 nemo

413 3057 616 3102 pareret,
642 3045 994 3105 chorussstamen
1022 3061 1122 3090 esse
1148 3058 1341 3105 pateret.

554 3131 584 3173 4
621 3117 789 3162 Finitis
821 3118 1145 3177 uoluptatibus
1165 3134 1363 3179 uespera
1383 3119 1610 3163 suadente
1630 3118 1844 3163 concedit
1871 3119 2053 3178 Psyche
2079 3119 2204 3163 cubi-

411 3198 529 3231 tum.
553 3188 747 3248 Iamque
764 3201 984 3249 prouecta
1004 3202 1137 3235 nocte
1154 3191 1362 3235 clemens
1376 3191 1570 3250 quidam
1588 3205 1732 3235 sonus
1746 3205 1881 3234 aures
1896 3191 1996 3235 eius
2010 3192 2200 3236 accedit.

2269 1126 2274 1152 l
2291 1125 2316 1153 O

2267 1484 2273 1509 i
2291 1469 2313 1510 5

2258 1840 2314 1869 20
