<?xml version="1.0" encoding="UTF-8"?>
<!DOCTYPE html PUBLIC "-//W3C//DTD XHTML 1.0 Transitional//EN"
    "http://www.w3.org/TR/xhtml1/DTD/xhtml1-transitional.dtd">
<html xmlns="http://www.w3.org/1999/xhtml" xml:lang="en" lang="en">
 <head>
  <title>
</title>
<meta http-equiv="Content-Type" content="text/html;charset=utf-8" />
  <meta name='ocr-system' content='tesseract 3.04.00' />
  <meta name='ocr-capabilities' content='ocr_page ocr_carea ocr_par ocr_line ocrx_word'/>
</head>
<body>
  <div class='ocr_page' id='page_1' title='image "4777080_0025.png"; bbox 0 0 2680 3690; ppageno 0'>
   <div class='ocr_carea' id='block_1_1' title="bbox 1208 268 1510 297">
    <p class='ocr_par' dir='ltr' id='par_1_1' title="bbox 1208 268 1510 297">
     <span class='ocr_line' id='line_1_1' title="bbox 1208 268 1510 297; baseline 0 -11"><span class='ocrx_word' id='word_1_1' title='bbox 1208 279 1267 286; x_wconf 83' lang='grc'>-</span> <span class='ocrx_word' id='word_1_2' title='bbox 1339 268 1382 297; x_wconf 78' lang='lat'>11</span> <span class='ocrx_word' id='word_1_3' title='bbox 1453 278 1510 286; x_wconf 87' lang='grc'><strong><em>..-.</em></strong></span> 
     </span>
    </p>
   </div>
   <div class='ocr_carea' id='block_1_2' title="bbox 456 382 2255 1021">
    <p class='ocr_par' dir='ltr' id='par_1_2' title="bbox 456 382 2255 1021">
     <span class='ocr_line' id='line_1_2' title="bbox 461 382 2255 443; baseline -0.002 -12"><span class='ocrx_word' id='word_1_4' title='bbox 461 384 800 431; x_wconf 86' lang='lat' dir='ltr'>remulcebant.</span> <span class='ocrx_word' id='word_1_5' title='bbox 830 385 930 429; x_wconf 91' lang='lat' dir='ltr'>Nec</span> <span class='ocrx_word' id='word_1_6' title='bbox 963 395 1120 428; x_wconf 86' lang='lat' dir='ltr'>tamen</span> <span class='ocrx_word' id='word_1_7' title='bbox 1156 383 1459 428; x_wconf 89' lang='lat' dir='ltr'>scelestarum</span> <span class='ocrx_word' id='word_1_8' title='bbox 1495 382 1781 428; x_wconf 85' lang='lat' dir='ltr'>feminarum</span> <span class='ocrx_word' id='word_1_9' title='bbox 1820 384 2031 443; x_wconf 83' lang='lat' dir='ltr'>nequitia</span> <span class='ocrx_word' id='word_1_10' title='bbox 2069 385 2140 428; x_wconf 82' lang='lat' dir='ltr'>uel</span> <span class='ocrx_word' id='word_1_11' title='bbox 2180 384 2255 427; x_wconf 86' lang='lat' dir='ltr'>illa</span> 
     </span>
     <span class='ocr_line' id='line_1_3' title="bbox 462 454 2251 514; baseline -0.001 -13"><span class='ocrx_word' id='word_1_12' title='bbox 462 455 638 501; x_wconf 90' lang='lat' dir='ltr'>mellita</span> <span class='ocrx_word' id='word_1_13' title='bbox 682 468 847 501; x_wconf 89' lang='lat' dir='ltr'>cantus</span> <span class='ocrx_word' id='word_1_14' title='bbox 890 454 1142 501; x_wconf 88' lang='lat' dir='ltr'>dulcedine</span> <span class='ocrx_word' id='word_1_15' title='bbox 1187 454 1368 499; x_wconf 91' lang='lat' dir='ltr'>mollita</span> <span class='ocrx_word' id='word_1_16' title='bbox 1413 455 1707 514; x_wconf 71' lang='lat' dir='ltr'>conquieuit,</span> <span class='ocrx_word' id='word_1_17' title='bbox 1749 457 1828 500; x_wconf 86' lang='lat' dir='ltr'>sed</span> <span class='ocrx_word' id='word_1_18' title='bbox 1872 457 1927 500; x_wconf 90' lang='lat' dir='ltr'>ad</span> <span class='ocrx_word' id='word_1_19' title='bbox 1972 456 2251 500; x_wconf 87' lang='lat' dir='ltr'>destinatam</span> 
     </span>
     <span class='ocr_line' id='line_1_4' title="bbox 460 526 2255 588; baseline -0.001 -14"><span class='ocrx_word' id='word_1_20' title='bbox 460 529 698 575; x_wconf 82' lang='lat' dir='ltr'>fraudium</span> <span class='ocrx_word' id='word_1_21' title='bbox 732 528 948 588; x_wconf 85' lang='lat' dir='ltr'>pedicam</span> <span class='ocrx_word' id='word_1_22' title='bbox 984 542 1253 574; x_wconf 87' lang='lat' dir='ltr'>sermonem</span> <span class='ocrx_word' id='word_1_23' title='bbox 1292 526 1588 573; x_wconf 82' lang='lat' dir='ltr'>conferentes</span> <span class='ocrx_word' id='word_1_24' title='bbox 1625 527 1980 573; x_wconf 86' lang='lat' dir='ltr'>dissimulanter</span> <span class='ocrx_word' id='word_1_25' title='bbox 2016 528 2255 587; x_wconf 88' lang='lat' dir='ltr'>occipiunt</span> 
     </span>
     <span class='ocr_line' id='line_1_5' title="bbox 460 600 2251 661; baseline -0.002 -14"><span class='ocrx_word' id='word_1_26' title='bbox 460 600 704 657; x_wconf 66' lang='lat' dir='ltr'>sciscitari,</span> <span class='ocrx_word' id='word_1_27' title='bbox 730 600 884 661; x_wconf 91' lang='lat' dir='ltr'>qualis</span> <span class='ocrx_word' id='word_1_28' title='bbox 909 600 947 646; x_wconf 90' lang='lat' dir='ltr'>ei</span> <span class='ocrx_word' id='word_1_29' title='bbox 975 600 1174 646; x_wconf 88' lang='lat' dir='ltr'>maritus</span> <span class='ocrx_word' id='word_1_30' title='bbox 1199 610 1242 645; x_wconf 88' lang='lat' dir='ltr'>et</span> <span class='ocrx_word' id='word_1_31' title='bbox 1264 600 1389 645; x_wconf 90' lang='lat' dir='ltr'>unde</span> <span class='ocrx_word' id='word_1_32' title='bbox 1415 601 1664 654; x_wconf 70' lang='lat' dir='ltr'>natalium,</span> <span class='ocrx_word' id='word_1_33' title='bbox 1686 611 1806 644; x_wconf 91' lang='lat' dir='ltr'>secta</span> <span class='ocrx_word' id='word_1_34' title='bbox 1831 600 1933 644; x_wconf 88' lang='lat' dir='ltr'>cuia</span> <span class='ocrx_word' id='word_1_35' title='bbox 1961 600 2251 660; x_wconf 89' lang='lat' dir='ltr'>proueniret.</span> 
     </span>
     <span class='ocr_line' id='line_1_6' title="bbox 459 671 2251 732; baseline -0.002 -14"><span class='ocrx_word' id='word_1_36' title='bbox 459 675 598 718; x_wconf 90' lang='lat' dir='ltr'>Tunc</span> <span class='ocrx_word' id='word_1_37' title='bbox 622 673 701 717; x_wconf 88' lang='lat' dir='ltr'>illa</span> <span class='ocrx_word' id='word_1_38' title='bbox 735 673 1035 732; x_wconf 85' lang='lat' dir='ltr'>simplicitate</span> <span class='ocrx_word' id='word_1_39' title='bbox 1072 672 1221 716; x_wconf 88' lang='lat' dir='ltr'>nimia</span> <span class='ocrx_word' id='word_1_40' title='bbox 1254 671 1440 731; x_wconf 89' lang='lat' dir='ltr'>pristini</span> <span class='ocrx_word' id='word_1_41' title='bbox 1478 672 1713 716; x_wconf 89' lang='lat' dir='ltr'>sermonis</span> <span class='ocrx_word' id='word_1_42' title='bbox 1743 673 1889 716; x_wconf 91' lang='lat' dir='ltr'>oblita</span> <span class='ocrx_word' id='word_1_43' title='bbox 1925 687 2106 716; x_wconf 90' lang='lat' dir='ltr'>nouum</span> <span class='ocrx_word' id='word_1_44' title='bbox 2131 687 2251 716; x_wconf 90' lang='lat' dir='ltr'>com-</span> 
     </span>
     <span class='ocr_line' id='line_1_7' title="bbox 460 743 2251 804; baseline -0.001 -14"><span class='ocrx_word' id='word_1_45' title='bbox 460 756 673 790; x_wconf 89' lang='lat' dir='ltr'>mentum</span> <span class='ocrx_word' id='word_1_46' title='bbox 720 744 910 789; x_wconf 85' lang='lat' dir='ltr'>instruit</span> <span class='ocrx_word' id='word_1_47' title='bbox 965 744 1122 804; x_wconf 86' lang='lat' dir='ltr'>aitque</span> <span class='ocrx_word' id='word_1_48' title='bbox 1168 743 1392 789; x_wconf 89' lang='lat' dir='ltr'>maritum</span> <span class='ocrx_word' id='word_1_49' title='bbox 1438 760 1577 788; x_wconf 90' lang='lat' dir='ltr'>suum</span> <span class='ocrx_word' id='word_1_50' title='bbox 1624 745 1680 788; x_wconf 94' lang='lat' dir='ltr'>de</span> <span class='ocrx_word' id='word_1_51' title='bbox 1727 744 1973 803; x_wconf 91' lang='lat' dir='ltr'>prouincia</span> <span class='ocrx_word' id='word_1_52' title='bbox 2021 744 2251 804; x_wconf 74' lang='lat' dir='ltr'>proxima,</span> 
     </span>
     <span class='ocr_line' id='line_1_8' title="bbox 459 816 2251 877; baseline 0 -16"><span class='ocrx_word' id='word_1_53' title='bbox 459 817 646 877; x_wconf 90' lang='lat' dir='ltr'>magnis</span> <span class='ocrx_word' id='word_1_54' title='bbox 680 817 895 876; x_wconf 88' lang='lat' dir='ltr'>pecuniis</span> <span class='ocrx_word' id='word_1_55' title='bbox 930 817 1267 877; x_wconf 74' lang='lat' dir='ltr'>negotiantem,</span> <span class='ocrx_word' id='word_1_56' title='bbox 1295 816 1387 860; x_wconf 90' lang='lat' dir='ltr'>iam</span> <span class='ocrx_word' id='word_1_57' title='bbox 1426 817 1632 861; x_wconf 89' lang='lat' dir='ltr'>medium</span> <span class='ocrx_word' id='word_1_58' title='bbox 1669 832 1861 861; x_wconf 90' lang='lat' dir='ltr'>cursum</span> <span class='ocrx_word' id='word_1_59' title='bbox 1898 817 2062 861; x_wconf 88' lang='lat' dir='ltr'>aetatis</span> <span class='ocrx_word' id='word_1_60' title='bbox 2096 832 2251 876; x_wconf 52' lang='lat' dir='ltr'>agereq</span> 
     </span>
     <span class='ocr_line' id='line_1_9' title="bbox 459 888 2251 949; baseline -0.001 -15"><span class='ocrx_word' id='word_1_61' title='bbox 459 888 800 949; x_wconf 86' lang='lat' dir='ltr'>interspersum</span> <span class='ocrx_word' id='word_1_62' title='bbox 833 904 935 934; x_wconf 89' lang='lat' dir='ltr'>rara</span> <span class='ocrx_word' id='word_1_63' title='bbox 965 888 1152 933; x_wconf 90' lang='lat' dir='ltr'>canitie.</span> <span class='ocrx_word' id='word_1_64' title='bbox 1195 888 1295 933; x_wconf 91' lang='lat' dir='ltr'>Nec</span> <span class='ocrx_word' id='word_1_65' title='bbox 1331 888 1375 932; x_wconf 89' lang='lat' dir='ltr'>in</span> <span class='ocrx_word' id='word_1_66' title='bbox 1416 903 1633 933; x_wconf 84' lang='lat' dir='ltr'>sermone</span> <span class='ocrx_word' id='word_1_67' title='bbox 1673 888 1761 933; x_wconf 89' lang='lat' dir='ltr'>isto</span> <span class='ocrx_word' id='word_1_68' title='bbox 1798 889 2034 934; x_wconf 88' lang='lat' dir='ltr'>tantillum</span> <span class='ocrx_word' id='word_1_69' title='bbox 2073 901 2251 933; x_wconf 86' lang='lat' dir='ltr'>morata</span> 
     </span>
     <span class='ocr_line' id='line_1_10' title="bbox 456 961 2249 1021; baseline -0.001 -15"><span class='ocrx_word' id='word_1_70' title='bbox 456 977 646 1006; x_wconf 88' lang='lat' dir='ltr'>rursum</span> <span class='ocrx_word' id='word_1_71' title='bbox 671 961 883 1021; x_wconf 88' lang='lat' dir='ltr'>opiparis</span> <span class='ocrx_word' id='word_1_72' title='bbox 915 961 1194 1006; x_wconf 87' lang='lat' dir='ltr'>muneribus</span> <span class='ocrx_word' id='word_1_73' title='bbox 1218 976 1295 1005; x_wconf 88' lang='lat' dir='ltr'>eas</span> <span class='ocrx_word' id='word_1_74' title='bbox 1319 972 1513 1005; x_wconf 88' lang='lat' dir='ltr'>onustas</span> <span class='ocrx_word' id='word_1_75' title='bbox 1546 973 1744 1005; x_wconf 89' lang='lat' dir='ltr'>uentoso</span> <span class='ocrx_word' id='word_1_76' title='bbox 1776 962 1997 1005; x_wconf 87' lang='lat' dir='ltr'>uehiculo</span> <span class='ocrx_word' id='word_1_77' title='bbox 2029 962 2249 1005; x_wconf 84' lang='lat' dir='ltr'>reddidit.</span> 
     </span>
    </p>
   </div>
   <div class='ocr_carea' id='block_1_3' title="bbox 446 1038 2252 3039">
    <p class='ocr_par' dir='ltr' id='par_1_3' title="bbox 452 1038 2252 1946">
     <span class='ocr_line' id='line_1_11' title="bbox 610 1038 2251 1099; baseline 0 -16"><span class='ocrx_word' id='word_1_78' title='bbox 610 1040 661 1084; x_wconf 80' lang='lat'>16</span> <span class='ocrx_word' id='word_1_79' title='bbox 696 1039 790 1086; x_wconf 89' lang='lat' dir='ltr'>Sed</span> <span class='ocrx_word' id='word_1_80' title='bbox 805 1040 918 1084; x_wconf 91' lang='lat' dir='ltr'>dum</span> <span class='ocrx_word' id='word_1_81' title='bbox 939 1039 1144 1099; x_wconf 86' lang='lat' dir='ltr'>Zephyri</span> <span class='ocrx_word' id='word_1_82' title='bbox 1166 1038 1424 1097; x_wconf 90' lang='lat' dir='ltr'>tranquillo</span> <span class='ocrx_word' id='word_1_83' title='bbox 1444 1039 1611 1098; x_wconf 90' lang='lat' dir='ltr'>spiritu</span> <span class='ocrx_word' id='word_1_84' title='bbox 1634 1039 1915 1083; x_wconf 88' lang='lat' dir='ltr'>sublimatae</span> <span class='ocrx_word' id='word_1_85' title='bbox 1935 1040 2131 1083; x_wconf 90' lang='lat' dir='ltr'>domum</span> <span class='ocrx_word' id='word_1_86' title='bbox 2154 1040 2251 1083; x_wconf 82' lang='lat' dir='ltr'>red-</span> 
     </span>
     <span class='ocr_line' id='line_1_12' title="bbox 457 1110 2252 1168; baseline 0 -13"><span class='ocrx_word' id='word_1_87' title='bbox 457 1123 589 1166; x_wconf 73' lang='lat' dir='ltr'>eunt,</span> <span class='ocrx_word' id='word_1_88' title='bbox 604 1111 668 1155; x_wconf 92' lang='lat' dir='ltr'>sic</span> <span class='ocrx_word' id='word_1_89' title='bbox 683 1127 843 1156; x_wconf 90' lang='lat' dir='ltr'>secum</span> <span class='ocrx_word' id='word_1_90' title='bbox 857 1111 1136 1156; x_wconf 85' lang='lat' dir='ltr'>altercantes</span> <span class='ocrx_word' id='word_1_91' title='bbox 1158 1110 1350 1168; x_wconf 77' lang='lat' dir='ltr'>z‘Quid‚</span> <span class='ocrx_word' id='word_1_92' title='bbox 1365 1126 1516 1165; x_wconf 74' lang='lat' dir='ltr'>soror,</span> <span class='ocrx_word' id='word_1_93' title='bbox 1534 1110 1738 1155; x_wconf 87' lang='lat' dir='ltr'>dicimus</span> <span class='ocrx_word' id='word_1_94' title='bbox 1757 1111 1813 1155; x_wconf 93' lang='lat' dir='ltr'>de</span> <span class='ocrx_word' id='word_1_95' title='bbox 1832 1124 1927 1155; x_wconf 90' lang='lat' dir='ltr'>tam</span> <span class='ocrx_word' id='word_1_96' title='bbox 1949 1124 2252 1155; x_wconf 85' lang='lat' dir='ltr'>monstruoso</span> 
     </span>
     <span class='ocr_line' id='line_1_13' title="bbox 456 1182 2251 1242; baseline 0 -16"><span class='ocrx_word' id='word_1_97' title='bbox 456 1182 610 1227; x_wconf 89' lang='lat' dir='ltr'>fatuae</span> <span class='ocrx_word' id='word_1_98' title='bbox 657 1183 784 1227; x_wconf 92' lang='lat' dir='ltr'>illius</span> <span class='ocrx_word' id='word_1_99' title='bbox 820 1183 1099 1227; x_wconf 81' lang='lat' dir='ltr'>mendacio?</span> <span class='ocrx_word' id='word_1_100' title='bbox 1131 1184 1270 1226; x_wconf 91' lang='lat' dir='ltr'>Tunc</span> <span class='ocrx_word' id='word_1_101' title='bbox 1309 1183 1587 1226; x_wconf 87' lang='lat' dir='ltr'>adulescens</span> <span class='ocrx_word' id='word_1_102' title='bbox 1628 1184 1772 1226; x_wconf 90' lang='lat' dir='ltr'>modo</span> <span class='ocrx_word' id='word_1_103' title='bbox 1811 1183 1995 1227; x_wconf 87' lang='lat' dir='ltr'>florenti</span> <span class='ocrx_word' id='word_1_104' title='bbox 2030 1184 2251 1242; x_wconf 85' lang='lat' dir='ltr'>lanugine</span> 
     </span>
     <span class='ocr_line' id='line_1_14' title="bbox 456 1253 2251 1311; baseline 0 -14"><span class='ocrx_word' id='word_1_105' title='bbox 456 1254 653 1298; x_wconf 88' lang='lat' dir='ltr'>barbam</span> <span class='ocrx_word' id='word_1_106' title='bbox 679 1254 938 1308; x_wconf 69' lang='lat' dir='ltr'>instruens,</span> <span class='ocrx_word' id='word_1_107' title='bbox 961 1270 1088 1297; x_wconf 89' lang='lat' dir='ltr'>nunc</span> <span class='ocrx_word' id='word_1_108' title='bbox 1112 1266 1260 1297; x_wconf 90' lang='lat' dir='ltr'>aetate</span> <span class='ocrx_word' id='word_1_109' title='bbox 1286 1254 1441 1297; x_wconf 89' lang='lat' dir='ltr'>media</span> <span class='ocrx_word' id='word_1_110' title='bbox 1461 1254 1679 1297; x_wconf 87' lang='lat' dir='ltr'>candenti</span> <span class='ocrx_word' id='word_1_111' title='bbox 1705 1253 1876 1297; x_wconf 89' lang='lat' dir='ltr'>canitie</span> <span class='ocrx_word' id='word_1_112' title='bbox 1902 1255 2101 1297; x_wconf 88' lang='lat' dir='ltr'>lucidus.</span> <span class='ocrx_word' id='word_1_113' title='bbox 2125 1254 2251 1311; x_wconf 72' lang='lat' dir='ltr'>Quis</span> 
     </span>
     <span class='ocr_line' id='line_1_15' title="bbox 457 1325 2247 1384; baseline 0 -15"><span class='ocrx_word' id='word_1_114' title='bbox 457 1325 551 1381; x_wconf 77' lang='lat' dir='ltr'>ille,</span> <span class='ocrx_word' id='word_1_115' title='bbox 578 1341 718 1384; x_wconf 90' lang='lat' dir='ltr'>quem</span> <span class='ocrx_word' id='word_1_116' title='bbox 743 1325 972 1384; x_wconf 89' lang='lat' dir='ltr'>temporis</span> <span class='ocrx_word' id='word_1_117' title='bbox 1003 1325 1176 1369; x_wconf 83' lang='lat' dir='ltr'>modici</span> <span class='ocrx_word' id='word_1_118' title='bbox 1210 1325 1415 1384; x_wconf 86' lang='lat' dir='ltr'>spatium</span> <span class='ocrx_word' id='word_1_119' title='bbox 1450 1325 1696 1384; x_wconf 79' lang='lat' dir='ltr'>repentina</span> <span class='ocrx_word' id='word_1_120' title='bbox 1728 1338 1913 1370; x_wconf 88' lang='lat' dir='ltr'>senecta</span> <span class='ocrx_word' id='word_1_121' title='bbox 1945 1325 2247 1370; x_wconf 75' lang='lat' dir='ltr'>reformauit}</span> 
     </span>
     <span class='ocr_line' id='line_1_16' title="bbox 456 1396 2247 1455; baseline 0.001 -15"><span class='ocrx_word' id='word_1_122' title='bbox 456 1396 521 1440; x_wconf 91' lang='lat' dir='ltr'>nil</span> <span class='ocrx_word' id='word_1_123' title='bbox 547 1396 675 1440; x_wconf 89' lang='lat' dir='ltr'>aliud</span> <span class='ocrx_word' id='word_1_124' title='bbox 706 1396 965 1455; x_wconf 71' lang='lat' dir='ltr'>repperies,</span> <span class='ocrx_word' id='word_1_125' title='bbox 992 1396 1056 1440; x_wconf 91' lang='lat' dir='ltr'>mi</span> <span class='ocrx_word' id='word_1_126' title='bbox 1088 1412 1238 1449; x_wconf 70' lang='lat' dir='ltr'>soror,</span> <span class='ocrx_word' id='word_1_127' title='bbox 1265 1411 1409 1454; x_wconf 88' lang='lat' dir='ltr'>quam</span> <span class='ocrx_word' id='word_1_128' title='bbox 1442 1397 1515 1440; x_wconf 92' lang='lat' dir='ltr'>uel</span> <span class='ocrx_word' id='word_1_129' title='bbox 1549 1397 1793 1441; x_wconf 86' lang='lat' dir='ltr'>mendacia</span> <span class='ocrx_word' id='word_1_130' title='bbox 1826 1397 1962 1441; x_wconf 86' lang='lat' dir='ltr'>istam</span> <span class='ocrx_word' id='word_1_131' title='bbox 1995 1397 2247 1455; x_wconf 82' lang='lat' dir='ltr'>pessimam</span> 
     </span>
     <span class='ocr_line' id='line_1_17' title="bbox 454 1467 2249 1527; baseline 0 -16"><span class='ocrx_word' id='word_1_132' title='bbox 454 1467 679 1511; x_wconf 88' lang='lat' dir='ltr'>feminam</span> <span class='ocrx_word' id='word_1_133' title='bbox 706 1468 975 1527; x_wconf 88' lang='lat' dir='ltr'>confingere</span> <span class='ocrx_word' id='word_1_134' title='bbox 1002 1468 1073 1511; x_wconf 89' lang='lat' dir='ltr'>uel</span> <span class='ocrx_word' id='word_1_135' title='bbox 1100 1467 1300 1512; x_wconf 90' lang='lat' dir='ltr'>formam</span> <span class='ocrx_word' id='word_1_136' title='bbox 1329 1467 1482 1511; x_wconf 86' lang='lat' dir='ltr'>mariti</span> <span class='ocrx_word' id='word_1_137' title='bbox 1511 1468 1580 1511; x_wconf 92' lang='lat' dir='ltr'>sui</span> <span class='ocrx_word' id='word_1_138' title='bbox 1614 1468 1809 1512; x_wconf 90' lang='lat' dir='ltr'>nescire.</span> <span class='ocrx_word' id='word_1_139' title='bbox 1838 1468 2063 1525; x_wconf 88' lang='lat' dir='ltr'>Quorum</span> <span class='ocrx_word' id='word_1_140' title='bbox 2092 1480 2249 1512; x_wconf 88' lang='lat' dir='ltr'>utrum</span> 
     </span>
     <span class='ocr_line' id='line_1_18' title="bbox 456 1539 2247 1599; baseline 0 -16"><span class='ocrx_word' id='word_1_141' title='bbox 456 1555 620 1583; x_wconf 89' lang='lat' dir='ltr'>uerum</span> <span class='ocrx_word' id='word_1_142' title='bbox 653 1551 738 1592; x_wconf 68' lang='lat' dir='ltr'>est,</span> <span class='ocrx_word' id='word_1_143' title='bbox 764 1539 937 1599; x_wconf 86' lang='lat' dir='ltr'>opibus</span> <span class='ocrx_word' id='word_1_144' title='bbox 968 1539 1068 1583; x_wconf 91' lang='lat' dir='ltr'>istis</span> <span class='ocrx_word' id='word_1_145' title='bbox 1102 1555 1243 1598; x_wconf 91' lang='lat' dir='ltr'>quam</span> <span class='ocrx_word' id='word_1_146' title='bbox 1282 1539 1489 1598; x_wconf 89' lang='lat' dir='ltr'>primum</span> <span class='ocrx_word' id='word_1_147' title='bbox 1526 1539 1884 1584; x_wconf 86' lang='lat' dir='ltr'>exterminanda</span> <span class='ocrx_word' id='word_1_148' title='bbox 1920 1553 2003 1583; x_wconf 88' lang='lat' dir='ltr'>est.</span> <span class='ocrx_word' id='word_1_149' title='bbox 2033 1539 2179 1598; x_wconf 87' lang='lat' dir='ltr'>Quod</span> <span class='ocrx_word' id='word_1_150' title='bbox 2212 1540 2247 1583; x_wconf 91' lang='lat' dir='ltr'>si</span> 
     </span>
     <span class='ocr_line' id='line_1_19' title="bbox 454 1611 2248 1673; baseline 0.001 -17"><span class='ocrx_word' id='word_1_151' title='bbox 454 1611 545 1656; x_wconf 92' lang='lat' dir='ltr'>uiri</span> <span class='ocrx_word' id='word_1_152' title='bbox 571 1611 642 1656; x_wconf 90' lang='lat' dir='ltr'>sui</span> <span class='ocrx_word' id='word_1_153' title='bbox 668 1611 833 1657; x_wconf 88' lang='lat' dir='ltr'>faciem</span> <span class='ocrx_word' id='word_1_154' title='bbox 861 1611 1062 1672; x_wconf 78' lang='lat' dir='ltr'>ignorat,</span> <span class='ocrx_word' id='word_1_155' title='bbox 1088 1612 1177 1657; x_wconf 90' lang='lat' dir='ltr'>deo</span> <span class='ocrx_word' id='word_1_156' title='bbox 1202 1611 1411 1672; x_wconf 90' lang='lat' dir='ltr'>profecto</span> <span class='ocrx_word' id='word_1_157' title='bbox 1435 1612 1659 1672; x_wconf 87' lang='lat' dir='ltr'>denupsit</span> <span class='ocrx_word' id='word_1_158' title='bbox 1683 1627 1726 1657; x_wconf 91' lang='lat' dir='ltr'>et</span> <span class='ocrx_word' id='word_1_159' title='bbox 1749 1613 1889 1657; x_wconf 92' lang='lat' dir='ltr'>deum</span> <span class='ocrx_word' id='word_1_160' title='bbox 1919 1612 2058 1657; x_wconf 89' lang='lat' dir='ltr'>nobis</span> <span class='ocrx_word' id='word_1_161' title='bbox 2090 1628 2248 1673; x_wconf 79' lang='lat' dir='ltr'>praeg-</span> 
     </span>
     <span class='ocr_line' id='line_1_20' title="bbox 455 1684 2249 1744; baseline 0.001 -16"><span class='ocrx_word' id='word_1_162' title='bbox 455 1684 644 1729; x_wconf 87' lang='lat' dir='ltr'>natione</span> <span class='ocrx_word' id='word_1_163' title='bbox 685 1685 769 1729; x_wconf 91' lang='lat' dir='ltr'>ista</span> <span class='ocrx_word' id='word_1_164' title='bbox 810 1687 943 1744; x_wconf 86' lang='lat' dir='ltr'>gerit.</span> <span class='ocrx_word' id='word_1_165' title='bbox 988 1685 1127 1731; x_wconf 88' lang='lat' dir='ltr'>Certe</span> <span class='ocrx_word' id='word_1_166' title='bbox 1164 1686 1200 1729; x_wconf 83' lang='lat' dir='ltr'>si</span> <span class='ocrx_word' id='word_1_167' title='bbox 1239 1685 1390 1730; x_wconf 92' lang='lat' dir='ltr'>diuini</span> <span class='ocrx_word' id='word_1_168' title='bbox 1434 1685 1577 1744; x_wconf 92' lang='lat' dir='ltr'>puelli</span> <span class='ocrx_word' id='word_1_169' title='bbox 1613 1713 1671 1719; x_wconf 93' lang='lat'>—</span> <span class='ocrx_word' id='word_1_170' title='bbox 1695 1687 1822 1744; x_wconf 91' lang='lat' dir='ltr'>quod</span> <span class='ocrx_word' id='word_1_171' title='bbox 1860 1686 2001 1730; x_wconf 79' lang='lat' dir='ltr'>absit!</span> <span class='ocrx_word' id='word_1_172' title='bbox 2040 1713 2098 1718; x_wconf 92' lang='lat'>—</span> <span class='ocrx_word' id='word_1_173' title='bbox 2136 1686 2249 1730; x_wconf 88' lang='lat' dir='ltr'>haec</span> 
     </span>
     <span class='ocr_line' id='line_1_21' title="bbox 454 1756 2245 1818; baseline 0.001 -17"><span class='ocrx_word' id='word_1_174' title='bbox 454 1770 601 1802; x_wconf 89' lang='lat' dir='ltr'>mater</span> <span class='ocrx_word' id='word_1_175' title='bbox 630 1756 850 1812; x_wconf 73' lang='lat' dir='ltr'>audierit,</span> <span class='ocrx_word' id='word_1_176' title='bbox 877 1757 1031 1802; x_wconf 89' lang='lat' dir='ltr'>statim</span> <span class='ocrx_word' id='word_1_177' title='bbox 1068 1773 1142 1802; x_wconf 90' lang='lat' dir='ltr'>me</span> <span class='ocrx_word' id='word_1_178' title='bbox 1178 1758 1349 1817; x_wconf 87' lang='lat' dir='ltr'>laqueo</span> <span class='ocrx_word' id='word_1_179' title='bbox 1382 1757 1521 1802; x_wconf 85' lang='lat' dir='ltr'>nexili</span> <span class='ocrx_word' id='word_1_180' title='bbox 1561 1758 1867 1817; x_wconf 87' lang='lat' dir='ltr'>suspendam.</span> <span class='ocrx_word' id='word_1_181' title='bbox 1899 1758 2022 1818; x_wconf 89' lang='lat' dir='ltr'>Ergo</span> <span class='ocrx_word' id='word_1_182' title='bbox 2060 1758 2245 1803; x_wconf 92' lang='lat' dir='ltr'>interim</span> 
     </span>
     <span class='ocr_line' id='line_1_22' title="bbox 452 1829 2245 1889; baseline 0.001 -16"><span class='ocrx_word' id='word_1_183' title='bbox 452 1829 509 1874; x_wconf 90' lang='lat' dir='ltr'>ad</span> <span class='ocrx_word' id='word_1_184' title='bbox 550 1842 768 1888; x_wconf 85' lang='lat' dir='ltr'>parentes</span> <span class='ocrx_word' id='word_1_185' title='bbox 813 1842 998 1874; x_wconf 88' lang='lat' dir='ltr'>nostros</span> <span class='ocrx_word' id='word_1_186' title='bbox 1044 1830 1293 1877; x_wconf 89' lang='lat' dir='ltr'>redeamus</span> <span class='ocrx_word' id='word_1_187' title='bbox 1334 1842 1377 1874; x_wconf 90' lang='lat' dir='ltr'>et</span> <span class='ocrx_word' id='word_1_188' title='bbox 1416 1830 1609 1875; x_wconf 91' lang='lat' dir='ltr'>exordio</span> <span class='ocrx_word' id='word_1_189' title='bbox 1650 1830 1884 1875; x_wconf 88' lang='lat' dir='ltr'>sermonis</span> <span class='ocrx_word' id='word_1_190' title='bbox 1926 1830 2064 1874; x_wconf 83' lang='lat' dir='ltr'>buius</span> <span class='ocrx_word' id='word_1_191' title='bbox 2104 1846 2245 1889; x_wconf 84' lang='lat' dir='ltr'>quarn</span> 
     </span>
     <span class='ocr_line' id='line_1_23' title="bbox 453 1899 1292 1946; baseline 0.002 -2"><span class='ocrx_word' id='word_1_192' title='bbox 453 1901 726 1946; x_wconf 90' lang='lat' dir='ltr'>concolores</span> <span class='ocrx_word' id='word_1_193' title='bbox 750 1900 956 1945; x_wconf 85' lang='lat' dir='ltr'>fallacias</span> <span class='ocrx_word' id='word_1_194' title='bbox 988 1899 1292 1946; x_wconf 78' lang='lat' dir='ltr'>adtexamus³.</span> 
     </span>
    </p>

    <p class='ocr_par' dir='ltr' id='par_1_4' title="bbox 446 1973 2247 2954">
     <span class='ocr_line' id='line_1_24' title="bbox 604 1973 2247 2032; baseline 0 -15"><span class='ocrx_word' id='word_1_195' title='bbox 604 1989 654 2031; x_wconf 91' lang='lat'>17</span> <span class='ocrx_word' id='word_1_196' title='bbox 692 1973 769 2019; x_wconf 87' lang='lat' dir='ltr'>Sic</span> <span class='ocrx_word' id='word_1_197' title='bbox 795 1973 1132 2027; x_wconf 66' lang='lat' dir='ltr'>inflammatae,</span> <span class='ocrx_word' id='word_1_198' title='bbox 1156 1973 1433 2032; x_wconf 87' lang='lat' dir='ltr'>parentibus</span> <span class='ocrx_word' id='word_1_199' title='bbox 1457 1973 1750 2018; x_wconf 88' lang='lat' dir='ltr'>fastidienter</span> <span class='ocrx_word' id='word_1_200' title='bbox 1772 1974 2020 2032; x_wconf 88' lang='lat' dir='ltr'>appellatis</span> <span class='ocrx_word' id='word_1_201' title='bbox 2045 1985 2088 2017; x_wconf 89' lang='lat' dir='ltr'>et</span> <span class='ocrx_word' id='word_1_202' title='bbox 2114 1985 2247 2017; x_wconf 84' lang='lat' dir='ltr'>nocte</span> 
     </span>
     <span class='ocr_line' id='line_1_25' title="bbox 450 2044 2245 2105; baseline -0.001 -16"><span class='ocrx_word' id='word_1_203' title='bbox 450 2044 636 2089; x_wconf 88' lang='lat' dir='ltr'>turbata</span> <span class='ocrx_word' id='word_1_204' title='bbox 663 2044 857 2105; x_wconf 65' lang='lat' dir='ltr'>uigiliis,</span> <span class='ocrx_word' id='word_1_205' title='bbox 885 2045 1094 2103; x_wconf 91' lang='lat' dir='ltr'>perditae</span> <span class='ocrx_word' id='word_1_206' title='bbox 1121 2045 1355 2090; x_wconf 90' lang='lat' dir='ltr'>matutino</span> <span class='ocrx_word' id='word_1_207' title='bbox 1376 2045 1623 2105; x_wconf 91' lang='lat' dir='ltr'>scopulum</span> <span class='ocrx_word' id='word_1_208' title='bbox 1647 2045 1897 2104; x_wconf 88' lang='lat' dir='ltr'>peruolant</span> <span class='ocrx_word' id='word_1_209' title='bbox 1921 2058 1964 2089; x_wconf 90' lang='lat' dir='ltr'>et</span> <span class='ocrx_word' id='word_1_210' title='bbox 1990 2045 2097 2089; x_wconf 90' lang='lat' dir='ltr'>inde</span> <span class='ocrx_word' id='word_1_211' title='bbox 2122 2045 2245 2089; x_wconf 91' lang='lat' dir='ltr'>soliti</span> 
     </span>
     <span class='ocr_line' id='line_1_26' title="bbox 453 2116 2245 2177; baseline 0 -16"><span class='ocrx_word' id='word_1_212' title='bbox 453 2116 581 2161; x_wconf 89' lang='lat' dir='ltr'>uenti</span> <span class='ocrx_word' id='word_1_213' title='bbox 610 2117 846 2176; x_wconf 90' lang='lat' dir='ltr'>praesidio</span> <span class='ocrx_word' id='word_1_214' title='bbox 867 2117 1177 2162; x_wconf 86' lang='lat' dir='ltr'>uehementer</span> <span class='ocrx_word' id='word_1_215' title='bbox 1195 2118 1420 2162; x_wconf 89' lang='lat' dir='ltr'>deuolant</span> <span class='ocrx_word' id='word_1_216' title='bbox 1441 2117 1741 2177; x_wconf 87' lang='lat' dir='ltr'>lacrimisque</span> <span class='ocrx_word' id='word_1_217' title='bbox 1762 2133 1983 2176; x_wconf 89' lang='lat' dir='ltr'>pressura</span> <span class='ocrx_word' id='word_1_218' title='bbox 2003 2118 2245 2176; x_wconf 85' lang='lat' dir='ltr'>palpebra-</span> 
     </span>
     <span class='ocr_line' id='line_1_27' title="bbox 452 2188 2245 2250; baseline -0.001 -16"><span class='ocrx_word' id='word_1_219' title='bbox 452 2204 557 2234; x_wconf 90' lang='lat' dir='ltr'>rum</span> <span class='ocrx_word' id='word_1_220' title='bbox 575 2189 747 2235; x_wconf 89' lang='lat' dir='ltr'>coactis</span> <span class='ocrx_word' id='word_1_221' title='bbox 764 2189 850 2234; x_wconf 90' lang='lat' dir='ltr'>hoc</span> <span class='ocrx_word' id='word_1_222' title='bbox 867 2201 968 2235; x_wconf 88' lang='lat' dir='ltr'>astu</span> <span class='ocrx_word' id='word_1_223' title='bbox 987 2189 1193 2248; x_wconf 90' lang='lat' dir='ltr'>puellam</span> <span class='ocrx_word' id='word_1_224' title='bbox 1213 2190 1454 2250; x_wconf 88' lang='lat' dir='ltr'>appellant</span> <span class='ocrx_word' id='word_1_225' title='bbox 1476 2208 1483 2234; x_wconf 88' lang='lat'><strong>:</strong></span> <span class='ocrx_word' id='word_1_226' title='bbox 1503 2190 1592 2235; x_wconf 75' lang='lat' dir='ltr'>cTu</span> <span class='ocrx_word' id='word_1_227' title='bbox 1614 2190 1805 2249; x_wconf 90' lang='lat' dir='ltr'>quidem</span> <span class='ocrx_word' id='word_1_228' title='bbox 1828 2188 1933 2235; x_wconf 87' lang='lat' dir='ltr'>felix</span> <span class='ocrx_word' id='word_1_229' title='bbox 1955 2202 1998 2234; x_wconf 89' lang='lat' dir='ltr'>et</span> <span class='ocrx_word' id='word_1_230' title='bbox 2014 2189 2113 2249; x_wconf 87' lang='lat' dir='ltr'>ipsa</span> <span class='ocrx_word' id='word_1_231' title='bbox 2131 2189 2245 2234; x_wconf 89' lang='lat' dir='ltr'>tanti</span> 
     </span>
     <span class='ocr_line' id='line_1_28' title="bbox 451 2261 2245 2322; baseline 0.001 -17"><span class='ocrx_word' id='word_1_232' title='bbox 451 2261 562 2305; x_wconf 92' lang='lat' dir='ltr'>mali</span> <span class='ocrx_word' id='word_1_233' title='bbox 590 2261 854 2321; x_wconf 88' lang='lat' dir='ltr'>ignorantia</span> <span class='ocrx_word' id='word_1_234' title='bbox 880 2262 1014 2306; x_wconf 92' lang='lat' dir='ltr'>beata</span> <span class='ocrx_word' id='word_1_235' title='bbox 1040 2263 1176 2307; x_wconf 89' lang='lat' dir='ltr'>sedes</span> <span class='ocrx_word' id='word_1_236' title='bbox 1202 2263 1439 2307; x_wconf 90' lang='lat' dir='ltr'>incuriosa</span> <span class='ocrx_word' id='word_1_237' title='bbox 1471 2262 1666 2322; x_wconf 90' lang='lat' dir='ltr'>periculi</span> <span class='ocrx_word' id='word_1_238' title='bbox 1693 2262 1779 2317; x_wconf 71' lang='lat' dir='ltr'>tui,</span> <span class='ocrx_word' id='word_1_239' title='bbox 1807 2277 1892 2306; x_wconf 90' lang='lat' dir='ltr'>nos</span> <span class='ocrx_word' id='word_1_240' title='bbox 1923 2274 2099 2317; x_wconf 66' lang='lat' dir='ltr'>autem,</span> <span class='ocrx_word' id='word_1_241' title='bbox 2126 2278 2245 2321; x_wconf 88' lang='lat' dir='ltr'>quae</span> 
     </span>
     <span class='ocr_line' id='line_1_29' title="bbox 449 2332 2241 2393; baseline 0 -16"><span class='ocrx_word' id='word_1_242' title='bbox 449 2332 669 2393; x_wconf 88' lang='lat' dir='ltr'>peruigili</span> <span class='ocrx_word' id='word_1_243' title='bbox 690 2348 800 2378; x_wconf 87' lang='lat' dir='ltr'>cura</span> <span class='ocrx_word' id='word_1_244' title='bbox 821 2333 962 2378; x_wconf 87' lang='lat' dir='ltr'>rebus</span> <span class='ocrx_word' id='word_1_245' title='bbox 981 2334 1074 2379; x_wconf 91' lang='lat' dir='ltr'>tuis</span> <span class='ocrx_word' id='word_1_246' title='bbox 1094 2334 1401 2390; x_wconf 75' lang='lat' dir='ltr'>excubamuS‚</span> <span class='ocrx_word' id='word_1_247' title='bbox 1421 2334 1635 2379; x_wconf 88' lang='lat' dir='ltr'>cladibus</span> <span class='ocrx_word' id='word_1_248' title='bbox 1654 2334 1747 2378; x_wconf 90' lang='lat' dir='ltr'>tuis</span> <span class='ocrx_word' id='word_1_249' title='bbox 1766 2334 1937 2379; x_wconf 91' lang='lat' dir='ltr'>misere</span> <span class='ocrx_word' id='word_1_250' title='bbox 1958 2334 2241 2379; x_wconf 88' lang='lat' dir='ltr'>cruciamur.</span> 
     </span>
     <span class='ocr_line' id='line_1_30' title="bbox 450 2405 2244 2466; baseline 0.001 -17"><span class='ocrx_word' id='word_1_251' title='bbox 450 2405 545 2450; x_wconf 89' lang='lat' dir='ltr'>Pro</span> <span class='ocrx_word' id='word_1_252' title='bbox 565 2420 678 2449; x_wconf 92' lang='lat' dir='ltr'>uero</span> <span class='ocrx_word' id='word_1_253' title='bbox 696 2420 901 2465; x_wconf 86' lang='lat' dir='ltr'>namque</span> <span class='ocrx_word' id='word_1_254' title='bbox 922 2406 1245 2466; x_wconf 90' lang='lat' dir='ltr'>comperimus</span> <span class='ocrx_word' id='word_1_255' title='bbox 1266 2422 1349 2451; x_wconf 89' lang='lat' dir='ltr'>nec</span> <span class='ocrx_word' id='word_1_256' title='bbox 1369 2418 1429 2461; x_wconf 72' lang='lat' dir='ltr'>te,</span> <span class='ocrx_word' id='word_1_257' title='bbox 1452 2407 1602 2451; x_wconf 89' lang='lat' dir='ltr'>sociae</span> <span class='ocrx_word' id='word_1_258' title='bbox 1623 2406 1797 2450; x_wconf 90' lang='lat' dir='ltr'>scilicet</span> <span class='ocrx_word' id='word_1_259' title='bbox 1817 2407 1995 2451; x_wconf 89' lang='lat' dir='ltr'>doloris</span> <span class='ocrx_word' id='word_1_260' title='bbox 2014 2421 2244 2465; x_wconf 78' lang='lat' dir='ltr'>casusque</span> 
     </span>
     <span class='ocr_line' id='line_1_31' title="bbox 448 2477 2244 2537; baseline 0 -16"><span class='ocrx_word' id='word_1_261' title='bbox 448 2477 534 2532; x_wconf 73' lang='lat' dir='ltr'>tui,</span> <span class='ocrx_word' id='word_1_262' title='bbox 560 2479 711 2522; x_wconf 93' lang='lat' dir='ltr'>celare</span> <span class='ocrx_word' id='word_1_263' title='bbox 736 2493 992 2537; x_wconf 86' lang='lat' dir='ltr'>possumus</span> <span class='ocrx_word' id='word_1_264' title='bbox 1018 2479 1277 2523; x_wconf 88' lang='lat' dir='ltr'>immanem</span> <span class='ocrx_word' id='word_1_265' title='bbox 1303 2479 1571 2533; x_wconf 73' lang='lat' dir='ltr'>colubrum,</span> <span class='ocrx_word' id='word_1_266' title='bbox 1600 2478 1880 2522; x_wconf 86' lang='lat' dir='ltr'>multinodis</span> <span class='ocrx_word' id='word_1_267' title='bbox 1912 2478 2244 2522; x_wconf 89' lang='lat' dir='ltr'>uoluminibus</span> 
     </span>
     <span class='ocr_line' id='line_1_32' title="bbox 448 2550 2244 2612; baseline 0 -19"><span class='ocrx_word' id='word_1_268' title='bbox 448 2561 733 2608; x_wconf 66' lang='lat' dir='ltr'>serpentem,</span> <span class='ocrx_word' id='word_1_269' title='bbox 762 2565 948 2596; x_wconf 91' lang='lat' dir='ltr'>ueneno</span> <span class='ocrx_word' id='word_1_270' title='bbox 974 2550 1115 2595; x_wconf 89' lang='lat' dir='ltr'>noxio</span> <span class='ocrx_word' id='word_1_271' title='bbox 1139 2551 1257 2595; x_wconf 90' lang='lat' dir='ltr'>colla</span> <span class='ocrx_word' id='word_1_272' title='bbox 1293 2550 1656 2612; x_wconf 83' lang='lat' dir='ltr'>sanguinantem</span> <span class='ocrx_word' id='word_1_273' title='bbox 1690 2550 1998 2608; x_wconf 87' lang='lat' dir='ltr'>hiantemque</span> <span class='ocrx_word' id='word_1_274' title='bbox 2031 2550 2244 2610; x_wconf 90' lang='lat' dir='ltr'>ingluuie</span> 
     </span>
     <span class='ocr_line' id='line_1_33' title="bbox 448 2620 2243 2681; baseline -0.001 -15"><span class='ocrx_word' id='word_1_275' title='bbox 448 2620 704 2681; x_wconf 76' lang='lat' dir='ltr'>profunda,</span> <span class='ocrx_word' id='word_1_276' title='bbox 751 2633 905 2666; x_wconf 89' lang='lat' dir='ltr'>tecum</span> <span class='ocrx_word' id='word_1_277' title='bbox 951 2622 1170 2667; x_wconf 90' lang='lat' dir='ltr'>noctibus</span> <span class='ocrx_word' id='word_1_278' title='bbox 1211 2623 1408 2668; x_wconf 88' lang='lat' dir='ltr'>latenter</span> <span class='ocrx_word' id='word_1_279' title='bbox 1451 2622 1769 2681; x_wconf 88' lang='lat' dir='ltr'>adquiescere.</span> <span class='ocrx_word' id='word_1_280' title='bbox 1816 2622 1959 2665; x_wconf 88' lang='lat' dir='ltr'>Nunc</span> <span class='ocrx_word' id='word_1_281' title='bbox 2000 2623 2243 2666; x_wconf 87' lang='lat' dir='ltr'>recordare</span> 
     </span>
     <span class='ocr_line' id='line_1_34' title="bbox 446 2693 2242 2754; baseline 0 -17"><span class='ocrx_word' id='word_1_282' title='bbox 446 2693 585 2737; x_wconf 89' lang='lat' dir='ltr'>sortis</span> <span class='ocrx_word' id='word_1_283' title='bbox 626 2694 868 2754; x_wconf 73' lang='lat' dir='ltr'>Pythicae,</span> <span class='ocrx_word' id='word_1_284' title='bbox 909 2709 1029 2753; x_wconf 85' lang='lat' dir='ltr'>quae</span> <span class='ocrx_word' id='word_1_285' title='bbox 1066 2707 1108 2739; x_wconf 91' lang='lat' dir='ltr'>te</span> <span class='ocrx_word' id='word_1_286' title='bbox 1148 2695 1356 2754; x_wconf 85' lang='lat' dir='ltr'>procacis</span> <span class='ocrx_word' id='word_1_287' title='bbox 1394 2695 1567 2739; x_wconf 90' lang='lat' dir='ltr'>bestiae</span> <span class='ocrx_word' id='word_1_288' title='bbox 1607 2694 1784 2754; x_wconf 91' lang='lat' dir='ltr'>nuptiis</span> <span class='ocrx_word' id='word_1_289' title='bbox 1822 2695 2103 2737; x_wconf 87' lang='lat' dir='ltr'>destinatam</span> <span class='ocrx_word' id='word_1_290' title='bbox 2143 2709 2242 2738; x_wconf 88' lang='lat' dir='ltr'>esse</span> 
     </span>
     <span class='ocr_line' id='line_1_35' title="bbox 447 2764 2243 2826; baseline 0 -18"><span class='ocrx_word' id='word_1_291' title='bbox 447 2764 685 2809; x_wconf 87' lang='lat' dir='ltr'>clamauit.</span> <span class='ocrx_word' id='word_1_292' title='bbox 722 2767 779 2810; x_wconf 89' lang='lat' dir='ltr'>Et</span> <span class='ocrx_word' id='word_1_293' title='bbox 809 2766 944 2810; x_wconf 91' lang='lat' dir='ltr'>multi</span> <span class='ocrx_word' id='word_1_294' title='bbox 977 2767 1132 2810; x_wconf 91' lang='lat' dir='ltr'>coloni</span> <span class='ocrx_word' id='word_1_295' title='bbox 1165 2767 1343 2826; x_wconf 88' lang='lat' dir='ltr'>quique</span> <span class='ocrx_word' id='word_1_296' title='bbox 1373 2767 1690 2811; x_wconf 87' lang='lat' dir='ltr'>circumsecus</span> <span class='ocrx_word' id='word_1_297' title='bbox 1721 2777 1958 2809; x_wconf 87' lang='lat' dir='ltr'>uenantur</span> <span class='ocrx_word' id='word_1_298' title='bbox 1982 2778 2025 2809; x_wconf 92' lang='lat' dir='ltr'>et</span> <span class='ocrx_word' id='word_1_299' title='bbox 2060 2766 2243 2809; x_wconf 88' lang='lat' dir='ltr'>accolae</span> 
     </span>
     <span class='ocr_line' id='line_1_36' title="bbox 447 2837 2241 2898; baseline 0 -17"><span class='ocrx_word' id='word_1_300' title='bbox 447 2837 642 2895; x_wconf 90' lang='lat' dir='ltr'>plurimi</span> <span class='ocrx_word' id='word_1_301' title='bbox 689 2837 913 2882; x_wconf 88' lang='lat' dir='ltr'>uiderunt</span> <span class='ocrx_word' id='word_1_302' title='bbox 956 2853 1063 2883; x_wconf 85' lang='lat' dir='ltr'>eum</span> <span class='ocrx_word' id='word_1_303' title='bbox 1113 2854 1309 2898; x_wconf 89' lang='lat' dir='ltr'>uespera</span> <span class='ocrx_word' id='word_1_304' title='bbox 1363 2839 1637 2884; x_wconf 89' lang='lat' dir='ltr'>redeuntem</span> <span class='ocrx_word' id='word_1_305' title='bbox 1685 2853 1707 2882; x_wconf 90' lang='lat' dir='ltr'>e</span> <span class='ocrx_word' id='word_1_306' title='bbox 1752 2849 1888 2896; x_wconf 86' lang='lat' dir='ltr'>pastu</span> <span class='ocrx_word' id='word_1_307' title='bbox 1942 2837 2241 2896; x_wconf 86' lang='lat' dir='ltr'>proximique</span> 
     </span>
     <span class='ocr_line' id='line_1_37' title="bbox 446 2908 1158 2954; baseline 0.003 -2"><span class='ocrx_word' id='word_1_308' title='bbox 446 2908 660 2953; x_wconf 88' lang='lat' dir='ltr'>fluminis</span> <span class='ocrx_word' id='word_1_309' title='bbox 686 2909 822 2954; x_wconf 90' lang='lat' dir='ltr'>uadis</span> <span class='ocrx_word' id='word_1_310' title='bbox 848 2910 1158 2954; x_wconf 87' lang='lat' dir='ltr'>innatantem.</span> 
     </span>
    </p>

    <p class='ocr_par' dir='ltr' id='par_1_5' title="bbox 598 2980 2238 3039">
     <span class='ocr_line' id='line_1_38' title="bbox 598 2980 2238 3039; baseline 0 -15"><span class='ocrx_word' id='word_1_311' title='bbox 598 2980 785 3039; x_wconf 22' lang='lat' dir='ltr'>18vNec</span> <span class='ocrx_word' id='word_1_312' title='bbox 824 2980 904 3025; x_wconf 92' lang='lat' dir='ltr'>diu</span> <span class='ocrx_word' id='word_1_313' title='bbox 946 2981 1134 3025; x_wconf 89' lang='lat' dir='ltr'>blandis</span> <span class='ocrx_word' id='word_1_314' title='bbox 1175 2982 1512 3026; x_wconf 90' lang='lat' dir='ltr'>alimoniarum</span> <span class='ocrx_word' id='word_1_315' title='bbox 1548 2981 1790 3039; x_wconf 87' lang='lat' dir='ltr'>obsequiis</span> <span class='ocrx_word' id='word_1_316' title='bbox 1830 2992 1871 3024; x_wconf 90' lang='lat' dir='ltr'>te</span> <span class='ocrx_word' id='word_1_317' title='bbox 1913 2981 2238 3039; x_wconf 87' lang='lat' dir='ltr'>saginaturum</span> 
     </span>
    </p>
   </div>
   <div class='ocr_carea' id='block_1_4' title="bbox 445 3051 2239 3188">
    <p class='ocr_par' dir='ltr' id='par_1_6' title="bbox 445 3051 2239 3188">
     <span class='ocr_line' id='line_1_39' title="bbox 445 3051 2239 3114; baseline 0 -19"><span class='ocrx_word' id='word_1_318' title='bbox 445 3065 612 3096; x_wconf 89' lang='lat' dir='ltr'>omnes</span> <span class='ocrx_word' id='word_1_319' title='bbox 626 3051 896 3108; x_wconf 69' lang='lat' dir='ltr'>adfirmant,</span> <span class='ocrx_word' id='word_1_320' title='bbox 912 3053 992 3098; x_wconf 89' lang='lat' dir='ltr'>sed</span> <span class='ocrx_word' id='word_1_321' title='bbox 1007 3068 1115 3098; x_wconf 88' lang='lat' dir='ltr'>cum</span> <span class='ocrx_word' id='word_1_322' title='bbox 1133 3054 1340 3113; x_wconf 89' lang='lat' dir='ltr'>primum</span> <span class='ocrx_word' id='word_1_323' title='bbox 1360 3054 1748 3114; x_wconf 86' lang='lat' dir='ltr'>praegnationem</span> <span class='ocrx_word' id='word_1_324' title='bbox 1764 3064 1890 3097; x_wconf 88' lang='lat' dir='ltr'>tuam</span> <span class='ocrx_word' id='word_1_325' title='bbox 1910 3053 2079 3111; x_wconf 91' lang='lat' dir='ltr'>plenus</span> <span class='ocrx_word' id='word_1_326' title='bbox 2094 3063 2239 3096; x_wconf 89' lang='lat' dir='ltr'>matu-</span> 
     </span>
     <span class='ocr_line' id='line_1_40' title="bbox 447 3123 2236 3188; baseline -0.002 -17"><span class='ocrx_word' id='word_1_327' title='bbox 447 3123 622 3171; x_wconf 87' lang='lat' dir='ltr'>rauerit</span> <span class='ocrx_word' id='word_1_328' title='bbox 639 3136 816 3181; x_wconf 79' lang='lat' dir='ltr'>uteruS‚</span> <span class='ocrx_word' id='word_1_329' title='bbox 835 3125 1069 3186; x_wconf 88' lang='lat' dir='ltr'>opimiore</span> <span class='ocrx_word' id='word_1_330' title='bbox 1086 3125 1239 3172; x_wconf 88' lang='lat' dir='ltr'>fructu</span> <span class='ocrx_word' id='word_1_331' title='bbox 1260 3125 1518 3188; x_wconf 88' lang='lat' dir='ltr'>praeditam</span> <span class='ocrx_word' id='word_1_332' title='bbox 1537 3126 1894 3172; x_wconf 88' lang='lat' dir='ltr'>deuoraturum.</span> <span class='ocrx_word' id='word_1_333' title='bbox 1918 3125 1991 3170; x_wconf 89' lang='lat' dir='ltr'>Ad</span> <span class='ocrx_word' id='word_1_334' title='bbox 2014 3124 2236 3169; x_wconf 84' lang='lat' dir='ltr'>bacciam</span> 
     </span>
    </p>
   </div>
   <div class='ocr_carea' id='block_1_5' title="bbox 2304 1063 2351 1088">
    <p class='ocr_par' dir='ltr' id='par_1_7' title="bbox 2304 1063 2351 1088">
     <span class='ocr_line' id='line_1_41' title="bbox 2304 1063 2351 1088; baseline 0 0"><span class='ocrx_word' id='word_1_335' title='bbox 2304 1063 2351 1088; x_wconf 89' lang='grc' dir='ltr'>Ι()</span> 
     </span>
    </p>
   </div>
   <div class='ocr_carea' id='block_1_6' title="bbox 2303 1408 2347 1448">
    <p class='ocr_par' dir='ltr' id='par_1_8' title="bbox 2303 1408 2347 1448">
     <span class='ocr_line' id='line_1_42' title="bbox 2303 1408 2347 1448; baseline 0.023 -1"><span class='ocrx_word' id='word_1_336' title='bbox 2303 1422 2308 1447; x_wconf 89' lang='grc' dir='ltr'>ι</span> <span class='ocrx_word' id='word_1_337' title='bbox 2326 1408 2347 1448; x_wconf 68' lang='lat'><em>5</em></span> 
     </span>
    </p>
   </div>
   <div class='ocr_carea' id='block_1_7' title="bbox 2292 1782 2347 1810">
    <p class='ocr_par' dir='ltr' id='par_1_9' title="bbox 2292 1782 2347 1810">
     <span class='ocr_line' id='line_1_43' title="bbox 2292 1782 2347 1810; baseline -0.036 0"><span class='ocrx_word' id='word_1_338' title='bbox 2292 1782 2347 1810; x_wconf 72' lang='grc' dir='ltr'>’.ΞΟ</span> 
     </span>
    </p>
   </div>
   <div class='ocr_carea' id='block_1_8' title="bbox 2288 2505 2343 2532">
    <p class='ocr_par' dir='ltr' id='par_1_10' title="bbox 2288 2505 2343 2532">
     <span class='ocr_line' id='line_1_44' title="bbox 2288 2505 2343 2532; baseline -0.073 0"><span class='ocrx_word' id='word_1_339' title='bbox 2288 2505 2343 2532; x_wconf 66' lang='lat'>30</span> 
     </span>
    </p>
   </div>
   <div class='ocr_carea' id='block_1_9' title="bbox 2286 2850 2339 2893">
    <p class='ocr_par' dir='ltr' id='par_1_11' title="bbox 2286 2850 2339 2893">
     <span class='ocr_line' id='line_1_45' title="bbox 2286 2850 2339 2893; baseline 0 0"><span class='ocrx_word' id='word_1_340' title='bbox 2286 2850 2339 2893; x_wconf 72' lang='lat'>&#39;55</span> 
     </span>
    </p>
   </div>
  </div>
 </body>
</html>
