2680 3690
354 1030 404 1057 lO

353 1392 358 1418 ι
376 1379 398 1420 5

337 2463 394 2506 30

1210 248 1503 276 -10-

452 360 674 403 maritum
722 371 861 418 teque
907 372 951 404 et
996 360 1136 404 istum
1186 361 1441 420 paruulum
1491 374 1703 407 nostrum
1751 362 2049 407 imminentis
2088 363 2253 408 ruinae

451 430 716 475 infortunio
742 431 907 476 libera.
937 433 1036 476 Nec
1062 432 1165 476 illas
1190 434 1409 477 scelestas
1433 433 1653 489 feminaS‚
1675 450 1792 493 quas
1816 435 1900 479 tibi
1922 447 2028 494 post
2053 435 2252 480 interne-

449 502 609 559 ciuum
631 502 795 548 odium
818 516 862 548 et
880 505 1053 549 calcata
1074 505 1324 565 sanguinis
1349 505 1527 552 foedera
1547 522 1733 552 sorores
1752 507 1991 568 appellare
2011 523 2106 553 non
2129 507 2250 563 licet,

448 576 523 618 uel
551 575 714 620 uideas
740 577 813 620 uel
839 576 1024 631 audias,
1044 592 1151 621 cum
1180 577 1226 621 in
1249 594 1430 623 morem
1458 578 1682 625 Sirenum
1706 580 1901 639 scopulo
1925 580 2253 640 prominentes

448 646 647 691 funestis
674 648 873 692 uocibus
899 664 1006 693 saxa
1039 649 1396 707 personabunt'.

601 719 649 764 13
688 719 899 780 Suscipit
925 720 1108 780 Psyche
1136 721 1345 781 singultu
1382 712 1635 767 lacrimoso
1668 738 1938 768 sermonem
1976 723 2212 769 incestans
2239 742 2247 768 :

443 791 560 837 ‘Iam
586 792 788 847 dudum,
815 793 942 851 quod
979 793 1143 847 sciam,
1171 793 1276 838 fidei
1314 806 1454 853 atque
1491 795 1787 855 parciloquio
1820 811 1924 841 ineo
1956 796 2249 855 perpendisti

446 864 751 919 documenta„
791 880 875 910 nec
915 881 970 909 eo
1010 865 1154 910 setius
1193 866 1541 926 adprobabitur
1579 867 1663 913 tibi
1706 882 1832 912 nunc
1872 867 2012 912 etiam
2055 867 2252 913 firmitas

445 936 592 981 animi
611 936 719 982 mei.
736 939 811 983 Tu
832 939 976 983 modo
997 938 1218 998 Zephyro
1236 952 1399 984 nostro
1416 956 1604 985 rursum
1624 940 1858 1000 praecipe,
1879 939 2104 1001 fungatur
2119 940 2249 986 obse-

445 1008 558 1066 quio
583 1021 627 1054 et
653 1009 697 1054 in
726 1010 878 1055 uicem
905 1011 1163 1071 denegatae
1189 1023 1515 1057 sacrosanctae
1542 1012 1763 1072 imaginis
1786 1024 1893 1057 tuae
1914 1013 2058 1058 redde
2083 1013 2248 1057 saltem

444 1094 750 1140 conspectum
794 1097 1031 1128 sororum.
1077 1083 1169 1128 Per
1210 1083 1323 1127 istos
1362 1083 1641 1129 cinnameos
1679 1096 1722 1129 et
1762 1084 1975 1143 undique
2015 1084 2250 1144 pendulos

444 1153 597 1199 crines
628 1166 751 1208 tuos,
780 1170 862 1214 per
886 1168 1073 1200 teneras
1105 1167 1147 1199 et
1179 1155 1338 1201 teretis
1370 1168 1413 1200 et
1445 1156 1536 1201 mei
1570 1156 1749 1201 similes
1779 1171 1941 1216 genas,
1974 1171 2058 1216 per
2088 1168 2250 1215 pectus

445 1225 603 1269 nescio
627 1241 723 1285 quo
747 1227 900 1272 calore
931 1226 1192 1278 feruidum„
1220 1227 1284 1271 sic
1321 1227 1366 1271 in
1406 1227 1494 1272 hoc
1529 1228 1692 1272 saltem
1730 1228 1932 1287 paruulo
1966 1242 2245 1287 cognoscam

445 1296 610 1341 faciem
638 1309 787 1349 tuam,
815 1298 1045 1357 supplicis
1070 1298 1235 1343 anxiae
1268 1298 1359 1358 piis
1391 1298 1612 1358 precibus
1636 1311 1855 1359 erogatus
1886 1299 2099 1359 germani
2125 1314 2247 1344 com-

444 1369 609 1427 plexus
657 1369 850 1430 indulge
897 1369 1099 1414 fructum
1153 1382 1196 1414 et
1246 1370 1330 1415 tibi
1383 1371 1583 1415 deuotae
1636 1371 1981 1430 deuinctaeque
2035 1371 2248 1430 Psychae

443 1441 652 1484 animam
679 1441 854 1500 gaudio
876 1457 1048 1486 recrea.
1074 1443 1174 1486 Nec
1199 1442 1455 1500 quicquam
1478 1443 1685 1501 amplius
1706 1442 1753 1486 in
1779 1454 1860 1487 tuo
1881 1443 2014 1487 uultu
2036 1442 2247 1501 requiro7

444 1511 534 1556 iam
564 1512 627 1556 nil
654 1511 866 1557 officiunt
892 1512 1008 1557 mihi
1038 1528 1120 1557 nec
1148 1513 1275 1572 ipsae
1297 1525 1556 1558 nocturnae
1576 1513 1799 1558 tenebrae
1828 1531 1836 1558 :
1864 1525 2002 1559 teneo
2021 1525 2064 1558 te
2085 1528 2244 1558 meum

443 1584 632 1629 lumen'.
684 1585 775 1630 His
801 1585 960 1630 uerbis
1006 1598 1048 1629 et
1100 1585 1400 1645 amplexibus
1457 1585 1683 1630 mollibus
1728 1587 2004 1631 decantatus
2051 1586 2246 1630 maritus

443 1657 757 1718 lacrimasque
782 1658 823 1703 ei
850 1658 948 1703 suis
973 1658 1188 1704 crinibus
1212 1660 1462 1719 detergens
1492 1659 1726 1704 facturum
1760 1659 2019 1719 spopondit
2043 1671 2086 1704 et
2118 1674 2244 1719 prae-

443 1730 582 1775 uertit
607 1731 763 1775 statim
792 1731 953 1776 lumen
982 1731 1219 1776 nascentis
1244 1731 1355 1776 diei.

594 1824 646 1867 14
682 1810 853 1870 Iugum
891 1810 1126 1855 sororium
1155 1825 1452 1870 consponsae
1485 1809 1703 1854 factionis
1740 1826 1797 1855 ne
1834 1810 2111 1870 parentibus
2145 1809 2244 1869 qui-

439 1882 547 1926 dem
576 1882 691 1926 uisis
723 1893 845 1927 recta
871 1883 928 1927 de
964 1883 1169 1927 nauibus
1205 1883 1453 1942 scopulum
1494 1894 1659 1941 petunt
1695 1882 1828 1927 illum
1867 1882 2109 1942 praecipiti
2136 1897 2242 1927 cum

441 1953 687 1998 uelocitate
725 1969 808 1999 nec
844 1955 970 1999 uenti
1008 1954 1200 1999 ferentis
1234 1966 1459 2013 oppertae
1499 1955 1816 2013 praesentiam
1857 1953 2099 1998 licentiosa
2136 1969 2241 1998 cum

439 2025 701 2070 temeritate
744 2026 999 2085 prosiliunt
1041 2027 1084 2070 in
1129 2027 1293 2070 altum.
1340 2027 1438 2070 Nec
1485 2025 1739 2070 immemor
1782 2027 2031 2086 Zephyrus
2076 2025 2244 2085 regalis

438 2097 596 2151 edicti,
624 2098 848 2156 quamuis
885 2098 1082 2152 inuitus,
1111 2110 1351 2157 susceptas
1377 2113 1453 2143 eas
1488 2098 1670 2158 gremio
1707 2097 1932 2158 spirantis
1967 2112 2108 2142 aurae
2143 2098 2243 2142 solo

439 2170 659 2214 reddidit.
688 2173 749 2215 At
775 2170 880 2215 illae
908 2171 1202 2215 incunctatae
1229 2173 1383 2215 statim
1410 2171 1622 2215 conferto
1649 2170 1851 2231 uestigio
1881 2171 2079 2214 domum
2106 2185 2241 2230 pene-

437 2255 562 2287 trant
606 2244 975 2303 complexaeque
1023 2245 1246 2303 praedam
1294 2259 1426 2288 suam
1481 2244 1657 2288 sororis
1710 2258 1883 2288 nomen
1931 2243 2242 2287 ementientes

437 2315 849 2375 thensaurumque
890 2316 1081 2376 penitus
1127 2316 1313 2360 abditae
1355 2315 1535 2360 fraudis
1577 2316 1710 2360 uultu
1758 2316 1879 2359 laeto
1924 2326 2134 2375 tegentes
2179 2315 2242 2359 sic

437 2387 631 2431 adulant
660 2405 668 2431 2
694 2386 914 2447 Psyche,
944 2403 1036 2432 non
1062 2388 1121 2432 ita
1149 2390 1228 2446 [ut]
1258 2388 1443 2447 pridem
1466 2389 1665 2447 paruula
1689 2400 1733 2432 et
1759 2388 1859 2447 ipsa
1881 2387 1972 2431 iam
2001 2398 2150 2431 mater
2168 2389 2237 2431 es!

436 2459 688 2517 Quantum
732 2473 870 2518 putas
906 2454 1021 2504 'boni
1050 2461 1188 2504 nobis
1215 2462 1259 2504 in
1290 2461 1374 2504 ista
1415 2460 1538 2520 geris
1576 2460 1762 2519 perula!
1808 2458 2020 2517 Quantis
2056 2458 2242 2519 gaudiis

435 2544 579 2575 totam
606 2532 803 2576 domum
833 2544 1040 2577 nostram
1070 2533 1318 2577 hilarabis!
1348 2532 1393 2578 O
1420 2547 1506 2577 nos
1531 2533 1708 2586 beatas,
1735 2547 1853 2591 quas
1885 2530 2080 2575 infantis
2111 2531 2239 2575 aurei

436 2604 727 2648 nutrimenta
770 2605 1034 2649 laetabunt!
1080 2604 1179 2663 Qui
1222 2605 1257 2648 si
1301 2617 1549 2664 parentum
1585 2617 1632 2648 ut
1667 2616 1852 2664 oportet
1893 2602 2239 2663 pulchritudini

435 2677 752 2735 responderit,
781 2692 976 2735 prorsus
1002 2678 1193 2736 Cupido
1220 2679 1464 2721 nascetur‘.

588 2751 635 2792 15
674 2748 752 2794 Sic
773 2749 1035 2792 adfectione
1053 2750 1272 2793 simulata
1288 2750 1515 2808 paulatim
1543 2749 1720 2793 sororis
1745 2748 1982 2792 inuadunt
2005 2747 2235 2791 animum.

370 2832 384 2844 ³
433 2820 703 2879 Statimque
748 2836 825 2864 eas
882 2821 1161 2864 lassitudine
1208 2822 1312 2865 uiae
1358 2821 1588 2865 sedilibus
1645 2820 1816 2865 refotas
1871 2832 1915 2863 et
1960 2819 2237 2863 balnearum

434 2892 683 2950 uaporosis
718 2891 931 2936 fontibus
967 2905 1152 2936 curatas
1190 2893 1515 2952 pulcherrimo
1552 2892 1759 2936 triclinio
1798 2891 2027 2949 mirisque
2064 2890 2157 2934 illis
2197 2903 2239 2935 et

433 2963 581 3006 beatis
627 2964 849 3007 edulibus
895 2976 1035 3022 atque
1081 2965 1274 3007 tuccetis
1318 2964 1536 3007 oblectat.
1588 2964 1725 3007 Iubet
1768 2963 1998 3006 citharam
2048 2962 2177 3019 loqui
2227 2979 2234 3004 :

433 3034 674 3093 psallitur3
713 3035 853 3078 tibias
890 3050 1028 3095 agere
1064 3053 1070 3078 :
1109 3047 1331 3090 sonatur·7
1373 3036 1544 3079 choros
1580 3049 1748 3078 canere
1783 3051 1791 3077 :
1825 3044 2056 3077 cantatur.
2097 3032 2237 3091 Quae

429 3118 596 3151 cuncta
643 3107 775 3151 nullo
821 3120 1066 3167 praesente
1112 3108 1403 3153 dulcissimis
1448 3107 1655 3153 modulis
1701 3106 1887 3151 animos
1938 3105 2233 3150 audientium
