2680 3690
1193 288 1489 333 „13-

446 422 545 466 Nec
581 431 794 464 nostrum
822 419 905 463 tibi
932 419 1080 464 deerit
1117 418 1403 472 subsidium,
1430 420 1511 464 sed
1549 435 1655 464 cum
1694 419 1900 478 primum
1937 420 2062 464 illius
2087 432 2236 464 morte

443 492 641 537 salutem
684 491 766 536 tibi
807 491 990 545 feceris,
1030 491 1194 535 anxiae
1232 490 1627 550 praestolabimus
1661 492 1936 551 cunctisque
1972 492 2070 536 istis
2105 492 2237 536 ocius

396 559 401 563 ⁴
443 577 595 609 tecum
624 564 781 608 relatis
806 563 982 608 uotiuis
1008 562 1188 622 nuptiis
1214 563 1458 608 hominem
1484 576 1527 608 te
1553 564 1807 624 iungemus
1833 565 2046 608 homini'.

590 658 639 687 21
681 642 787 687 Tali
809 641 1064 687 uerborum
1092 641 1312 686 incendio
1331 642 1571 687 flammata
1593 643 1770 687 uiscera
1792 642 1967 687 sororis
1991 642 2080 686 iam
2109 657 2235 701 pror-

444 732 523 759 sus
547 714 772 759 ardentis.
802 715 1081 758 Deserentes
1113 713 1262 773 ipsam
1297 714 1531 773 protinus„
1558 714 1674 758 tanti
1708 714 1818 758 mali
1850 714 2112 758 confinium
2147 713 2235 757 sibi

444 786 582 831 etiam
609 785 779 830 eximie
805 797 1086 840 metuentes,
1112 785 1250 829 flatus
1274 785 1397 829 alitis
1432 785 1640 845 impulsu
1667 786 1805 829 solito
1831 798 2071 844 porrectae
2097 800 2238 843 super

443 857 691 917 scopulum
739 857 845 901 ilico
890 856 1068 915 pernici
1116 872 1162 901 se
1207 856 1316 916 fuga
1357 857 1628 916 proripiunt
1673 857 1926 916 statimque
1967 856 2237 901 conscensis

445 929 651 974 nauibus
686 928 877 973 abeunt.
915 931 977 973 At
1015 928 1198 987 Psyche
1236 928 1394 973 relicta
1430 929 1545 983 sola,
1585 928 1674 973 nisi
1712 929 1840 986 quod
1882 927 2062 972 infestis
2102 928 2237 972 furiis

444 1001 614 1061 agitata
631 1000 728 1044 sola
749 1015 841 1044 non
861 1012 946 1054 est,
965 1011 1094 1044 aestu
1112 999 1263 1059 pelagi
1281 999 1433 1045 simile
1452 1001 1708 1044 maerendo
1726 1000 1919 1044 fluctuat
1935 1012 1995 1053 et„
2014 999 2237 1058 quamuis

444 1084 617 1117 statuto
654 1071 853 1117 consilio
892 1083 936 1116 et
979 1070 1216 1116 obstinato
1261 1071 1440 1125 animo,
1483 1071 1574 1115 iam
1621 1083 1776 1115 tamen
1823 1070 2019 1115 facinori
2066 1087 2237 1115 manus
2274 1064 2278 1068 ⁴

444 1146 709 1190 admouens
732 1144 887 1189 adhuc
913 1142 1088 1188 incerta
1112 1142 1296 1187 consilii
1322 1143 1492 1188 titubat
1524 1143 1780 1202 multisque
1811 1143 2090 1188 calamitatis
2125 1159 2236 1188 suae

443 1217 721 1262 distrahitur
759 1215 1037 1260 adfectibus.
1079 1215 1306 1270 Festinat,
1344 1215 1526 1268 differt;
1577 1216 1737 1270 audet,
1774 1215 2005 1274 trepidat3
2046 1214 2234 1270 diffidit,

445 1288 687 1346 irascitur3
727 1299 786 1343 et,
813 1288 940 1347 quod
976 1299 1044 1332 est
1082 1287 1319 1342 ultimum7
1348 1287 1394 1331 in
1437 1288 1603 1332 eodem
1640 1302 1836 1347 corpore
1878 1287 1977 1332 odit
2017 1287 2234 1342 bestiam,

443 1360 597 1421 diligit
641 1359 882 1404 maritum.
925 1360 1134 1418 Vespera
1177 1371 1333 1404 tamen
1377 1359 1468 1404 iam
1510 1371 1694 1404 noctem
1739 1361 1951 1404 trahente
1992 1359 2236 1419 praecipiti

443 1433 744 1478 festinatione
770 1432 935 1476 nefarii
962 1432 1149 1476 sceleris
1174 1432 1363 1477 instruit
1387 1444 1685 1492 apparatum.
1716 1433 1821 1478 Nox
1850 1433 2009 1477 aderat
2033 1444 2076 1477 et
2102 1432 2235 1477 mari-

443 1517 519 1550 tus
553 1506 731 1560 aderat,
774 1504 1053 1564 primusque
1093 1504 1294 1548 Veneris
1334 1504 1527 1563 proeliis
1568 1504 1788 1549 uelitatus
1828 1504 1974 1548 altum
2017 1519 2236 1563 soporem

444 1577 766 1621 descenderat.

590 1663 646 1693 22
680 1648 818 1693 Tunc
866 1648 1045 1707 Psyche
1101 1660 1143 1691 et
1196 1646 1409 1706 corporis
1463 1659 1505 1691 et
1559 1646 1705 1692 animi
1762 1647 1972 1706 alioquin
2031 1648 2238 1703 infirma,

445 1721 522 1765 fati
569 1733 726 1766 tamen
774 1720 969 1764 saeuitia
1014 1719 1403 1764 subministrante
1449 1719 1633 1764 uiribus
1678 1719 1928 1765 roboratur
1971 1731 2015 1764 et
2059 1721 2239 1780 prolata

446 1794 637 1838 lucerna
681 1804 725 1837 et
768 1793 963 1851 adrepta
1010 1792 1241 1836 nouacula
1281 1807 1443 1836 sexum
1491 1792 1685 1837 audacia
1726 1804 1952 1837 mutatur.
1996 1792 2088 1839 Sed
2130 1808 2239 1837 cum
2283 1817 2288 1824 -

446 1865 655 1924 primum
696 1864 894 1909 luminis
930 1864 1169 1908 oblatione
1205 1865 1294 1909 tori
1336 1876 1510 1908 secreta
1549 1865 1837 1919 claruerunt,
1867 1865 1994 1909 uidet
2018 1865 2237 1909 omnium

445 1936 651 1981 ferarum
678 1936 979 1980 mitissimam
1004 1936 1426 1994 dulcissimamque
1451 1936 1668 1990 bestiam,
1699 1936 1856 1995 ipsum
1884 1936 2017 1981 illum
2043 1937 2238 1996 Cupidi-

446 2023 553 2053 nem
579 2007 876 2053 formonsum
903 2009 1043 2052 deum
1072 2007 1310 2053 formonse
1341 2007 1612 2062 cubantem,
1639 2008 1772 2052 cuius
1803 2020 1993 2067 aspectu
2020 2009 2240 2053 lucernae

445 2095 636 2140 quoque
662 2080 821 2124 lumen
857 2079 1112 2124 hilaratum
1138 2078 1398 2124 increbruit
1422 2090 1465 2123 et
1498 2079 1732 2123 acuminis
1766 2079 1978 2139 sacrilegi
2006 2080 2240 2124 nouacula

446 2151 755 2212 praenitebat.
783 2155 845 2197 At
870 2166 983 2196 uero
1009 2151 1193 2212 Psyche
1217 2163 1349 2196 tanto
1373 2163 1563 2212 aspectu
1582 2150 1802 2197 deterrita
1822 2163 1865 2196 et
1889 2151 2046 2212 impos
2071 2151 2239 2207 animi,

447 2224 656 2269 marcido
696 2225 874 2283 pallore
914 2223 1091 2268 defecta
1130 2235 1434 2283 tremensque
1472 2224 1653 2268 desedit
1696 2224 1741 2268 in
1790 2224 1910 2268 imos
1956 2224 2159 2283 poplites
2199 2237 2242 2269 et

446 2296 621 2341 ferrum
669 2296 853 2355 quaerit
896 2296 1203 2352 abscondere,
1245 2296 1324 2340 sed
1372 2296 1417 2340 in
1465 2311 1550 2341 suo
1591 2308 1793 2355 pectore.
1837 2296 1983 2354 Quod
2031 2296 2241 2356 profecto

445 2369 646 2423 fecisset,
662 2368 752 2413 nisi
773 2367 950 2413 ferrum
971 2368 1140 2427 timore
1160 2369 1276 2413 tanti
1296 2368 1454 2429 flagitii
1472 2369 1694 2413 manibus
1713 2369 1977 2413 temerariis
1990 2369 2240 2429 delapsum

446 2441 695 2485 euolasset.
725 2441 922 2499 Iamque
957 2441 1096 2494 lassa,
1122 2440 1269 2484 salute
1306 2440 1502 2496 defecta,
1528 2441 1643 2485 dum
1678 2440 1867 2497 saepius
1900 2440 2052 2485 diuini
2082 2441 2242 2485 uultus

448 2511 658 2557 intuetur
712 2510 1137 2571 pulchritudinem,
1194 2523 1430 2557 recreatur
1483 2510 1649 2556 animi.
1697 2510 1836 2556 Videt
1889 2511 2056 2571 capitis
2111 2512 2239 2557 aurei

446 2584 681 2644 genialem
700 2583 954 2628 caesariem
976 2582 1214 2628 ambrosia
1234 2583 1563 2637 temulentam,
1584 2583 1791 2627 ceruices
1811 2583 1979 2628 lacteas
2002 2598 2241 2643 genasque

447 2671 717 2715 purpureas
753 2667 1047 2715 pererrantes
1086 2654 1292 2700 crinium
1332 2655 1500 2716 globos
1539 2656 1771 2700 decoriter
1810 2655 2083 2714 impeditos,
2125 2656 2242 2700 alios

447 2728 812 2787 antependulos,
838 2727 954 2772 alios
980 2727 1360 2787 retropendulos,
1387 2743 1591 2786 quorum
1625 2728 1877 2787 splendore
1911 2727 2060 2772 nimio
2091 2727 2241 2788 fulgu-

449 2812 578 2845 rante
604 2800 695 2844 iam
722 2812 765 2844 et
789 2800 947 2860 ipsum
967 2801 1128 2844 lumen
1149 2800 1369 2844 lucernae
1389 2799 1683 2845 uaccillabat.
1708 2800 1800 2844 Per
1820 2816 2010 2845 umeros
2036 2801 2242 2845 uolatilis

447 2872 520 2917 dei
547 2872 722 2932 pinnae
749 2872 958 2917 roscidae
995 2871 1184 2916 micanti
1220 2872 1337 2928 flore
1372 2872 1620 2917 candicant
1655 2884 1700 2917 et
1735 2872 1957 2933 quamuis
1993 2872 2079 2917 alis
2115 2874 2241 2932 quie-

449 2945 689 2989 scentibus
712 2945 911 2989 extimae
937 2945 1180 3004 plumulae
1200 2945 1399 2989 tenellae
1424 2960 1475 2988 ac
1497 2945 1722 2989 delicatae
1743 2946 1941 2989 tremule
1963 2946 2242 2989 resultantes

449 3017 660 3076 inquieta
686 3017 954 3061 lasciuiunt.
982 3017 1203 3063 Ceterum
1234 3032 1406 3075 corpus
1430 3017 1688 3077 glabellum
1714 3029 1853 3076 atque
1879 3018 2171 3062 luculentum
2199 3030 2241 3061 et

449 3089 587 3147 quale
612 3089 850 3147 peperisse
876 3091 1108 3133 Venerem
1135 3104 1229 3132 non
1256 3089 1529 3147 paeniteret.
1557 3092 1682 3132 Ante
1708 3090 1861 3132 lectuli
1897 3092 2039 3147 pedes
2065 3090 2242 3132 iacebat

449 3175 585 3205 arcus
609 3173 652 3205 et
676 3162 893 3220 pharetra
918 3173 960 3205 et
984 3160 1195 3220 sagittae,
1222 3160 1380 3221 magni
1408 3160 1483 3205 dei
1510 3161 1715 3220 propitia
1740 3161 1845 3205 tela.

2287 1093 2335 1120 lO

2289 1439 2335 1480 15

2285 2518 2341 2562 30
