2680 3690
329 1064 378 1090 ¹0

320 1790 376 1820 20

319 2496 340 2539 3
349 2512 375 2537 o

318 2859 373 2901 35

570 392 593 434 5
635 391 730 434 Isto
756 405 949 448 quoque
986 390 1202 434 fortunae
1231 390 1481 450 naufragio
1515 391 1699 451 Psyche
1733 390 1979 450 perterrita
2005 406 2089 435 nec
2114 390 2232 435 indi-

424 463 538 522 pisci
560 462 653 507 iam
678 462 903 507 maritum
932 462 1177 507 uolatilem
1198 462 1388 521 quienS,
1410 475 1505 508 tota
1526 479 1607 523 spe
1628 463 1791 508 salutis
1811 462 2025 523 deposita
2045 463 2110 508 sic
2130 463 2230 523 ipsa

423 551 532 579 suas
557 535 867 595 cogitationes
892 535 1134 579 consuluit
1157 553 1164 578 :
1191 535 1309 578 ‘Iam
1346 551 1467 594 quae
1504 548 1704 595 possunt
1728 536 1819 580 alia
1843 535 1962 580 meis
1986 535 2232 580 aerumnis

422 607 643 665 temptari
671 607 745 650 uel
773 606 988 650 adhiberi
1017 607 1249 660 subsidia,
1276 607 1351 650 cui
1379 622 1463 651 nec
1486 608 1686 651 dearum
1721 608 1916 666 quidem
1952 621 2229 666 quanquam

424 678 690 722 uolentium
739 690 997 737 potuerunt
1042 679 1266 737 prodesse
1318 678 1571 738 suffragia?
1629 694 1837 738 quosum
1890 678 2049 738 itaque
2089 678 2231 722 tantis

423 751 606 811 laqueis
647 751 828 795 inclusa
872 751 1128 811 uestigium
1171 751 1444 811 porrigam?
1486 751 1760 810 quibusque
1801 751 1933 796 tectis
1973 752 2047 796 uel
2088 750 2229 795 etiam

421 824 633 868 tenebris
664 824 943 868 abscondita
980 839 1180 884 magnae
1205 824 1407 868 Veneris
1442 823 1745 868 ineuitabiles
1775 825 1940 868 oculos
1973 822 2228 885 effugiam?

421 897 538 956 quin
573 896 718 956 igitur
756 897 1023 940 masculum
1062 898 1255 941 tandem
1293 897 1446 941 sumis
1482 896 1701 941 animum
1738 907 1782 941 et
1817 911 1974 941 cassae
2013 896 2231 957 speculae

421 969 668 1014 renuntias
694 969 877 1013 fortiter
906 981 949 1013 et
975 970 1245 1013 ultroneam
1278 981 1319 1013 te
1354 969 1580 1014 dominae
1616 981 1722 1013 tuae
1754 969 1914 1014 reddis
1945 981 1989 1014 et
2019 970 2094 1015 uel
2130 984 2231 1014 sera

422 1042 653 1086 modestia
679 1042 947 1085 saeuientes
974 1042 1182 1100 impetus
1202 1043 1305 1085 eius
1330 1042 1549 1101 mitigas?
1576 1041 1657 1100 qui
1684 1041 1822 1097 scias,
1843 1056 1899 1085 an
1922 1042 2065 1086 etiam
2086 1056 2230 1101 quem

419 1115 500 1158 diu
527 1114 766 1172 quaeritas
792 1114 885 1157 illic
912 1114 955 1157 in
984 1115 1129 1157 domo
1162 1114 1326 1158 matris
1361 1114 1644 1172 repperies³?
1682 1113 1761 1159 Sic
1785 1114 1842 1157 acl
1867 1113 2073 1157 dubium
2098 1114 2228 1157 obse-

419 1185 609 1244 quium,
646 1185 796 1228 immo
833 1185 891 1229 ad
931 1197 1115 1229 certum
1155 1186 1355 1229 exitium
1396 1197 1674 1244 praeparata
1709 1185 2002 1244 principium
2043 1185 2228 1230 futurae

419 1273 581 1322 secum
610 1257 929 1301 meditabatur
954 1257 1315 1301 obsecrationis.

564 1336 591 1377 6
625 1338 687 1379 At
728 1336 890 1379 Venus
927 1335 1127 1379 terrenis
1164 1335 1390 1379 remediis
1425 1335 1755 1393 inquisitionis
1790 1335 2009 1378 abnuens
2043 1336 2228 1379 caelum

420 1407 550 1465 petit.
574 1407 710 1451 Iubet
726 1407 935 1451 construi
955 1423 1170 1460 currum,
1189 1423 1332 1465 quem
1351 1407 1392 1450 ei
1408 1408 1655 1450 Vulcanus
1671 1406 1850 1450 aurifex
1870 1407 2032 1465 suptili
2052 1407 2228 1451 fabrica

419 1479 629 1523 studiose
672 1478 906 1537 poliuerat
946 1491 989 1522 et
1031 1491 1137 1523 ante
1178 1479 1373 1522 thalami
1417 1479 1747 1523 rudimentum
1791 1478 2004 1537 nuptiale
2051 1494 2230 1522 munus

418 1550 672 1605 obtulerat,
714 1550 854 1595 limae
892 1551 1134 1595 tenuantis
1173 1551 1460 1595 detrimento
1500 1550 1816 1610 conspicuum
1855 1562 1897 1594 et
1938 1550 2089 1610 ipsius
2125 1551 2227 1595 auri

417 1624 597 1668 damno
624 1622 904 1682 pretiosum.
936 1624 1004 1668 De
1031 1623 1194 1668 multis
1219 1639 1341 1682 quae
1366 1623 1486 1668 circa
1512 1623 1791 1667 cubiculum
1821 1622 2047 1667 dominae
2073 1624 2227 1668 stabu-

420 1696 516 1739 lant
553 1696 819 1754 procedunt
855 1707 1081 1754 quattuor
1119 1695 1349 1741 candidae
1385 1695 1635 1740 columbae
1677 1707 1721 1740 et
1760 1694 1923 1739 hilaris
1964 1694 2229 1740 incessibus

420 1767 541 1827 picta
586 1767 704 1812 colla
760 1779 1037 1826 torquentes
1095 1768 1260 1826 iugum
1315 1783 1592 1828 gemmeum
1648 1767 1857 1812 subeunt
1916 1779 2228 1827 susceptaque

418 1840 616 1884 domina
672 1840 819 1884 laetae
875 1840 1150 1884 subuolant.
1209 1841 1422 1886 Currum
1476 1840 1590 1884 deae
1636 1851 1981 1898 prosequentes
2025 1840 2225 1899 gannitu

417 1911 737 1969 constrepenti
766 1911 1022 1955 lasciuiunt
1048 1927 1262 1969 passeres
1286 1923 1329 1955 et
1352 1923 1530 1955 ceterae
1556 1926 1677 1968 quae
1697 1911 1835 1954 dulce
1860 1911 2090 1955 cantitant
2114 1927 2227 1955 aues

419 1981 601 2027 melleis
648 1981 857 2027 modulis
903 1998 1051 2028 suaue
1099 1994 1374 2027 resonantes
1420 1982 1684 2027 aduentum
1730 1983 1843 2027 deae
1893 1982 2220 2042 pronuntiant.

418 2055 610 2100 Cedunt
648 2054 799 2098 nubes
831 2069 875 2098 et
910 2055 1096 2099 caelum
1144 2055 1265 2099 filiae
1304 2055 1529 2114 panditur
1567 2066 1611 2099 et
1650 2069 1872 2099 summus
1912 2055 2074 2099 aether
2115 2070 2225 2100 cum

417 2126 593 2185 gaudio
629 2126 827 2184 suscipit
864 2127 1020 2170 deam.
1060 2128 1159 2172 Nec
1199 2127 1368 2170 obuias
1406 2126 1590 2185 aquilas
1632 2126 1706 2170 uel
1747 2126 1994 2185 accipitres
2035 2141 2226 2185 rapaces

418 2197 719 2256 pertimescit
735 2212 935 2257 magnae
961 2198 1161 2242 Veneris
1186 2213 1359 2242 canora
1385 2197 1582 2242 familia.

565 2286 588 2328 7
625 2270 764 2314 Tunc
810 2285 856 2314 se
896 2270 1116 2329 protinus
1160 2271 1215 2314 ad
1265 2269 1395 2314 Iouis
1435 2269 1588 2330 regias
1627 2285 1756 2314 arces
1796 2269 1958 2330 dirigit
1997 2282 2040 2314 et
2075 2269 2221 2329 petitu

417 2340 627 2400 superbo
655 2341 881 2396 Mercuri,
908 2342 981 2386 dei
1011 2342 1205 2395 uocaliS,
1233 2357 1405 2401 operae
1431 2341 1746 2386 necessariam
1773 2357 1970 2386 usuram
1999 2342 2221 2401 postulat.

420 2414 519 2458 Nec
540 2413 732 2458 rennuit
755 2414 885 2458 Iouis
904 2414 1150 2459 caerulum
1172 2414 1499 2473 supercilium.
1522 2415 1662 2458 Tunc
1678 2430 1831 2458 ouans
1848 2414 1955 2458 ilico
1970 2414 2225 2459 comitante

417 2486 559 2530 etiam
599 2486 842 2531 Mercurio
880 2487 1043 2530 Venus
1079 2486 1208 2531 caelo
1244 2487 1433 2531 demeat
1469 2487 1607 2546 eique
1645 2487 1842 2531 sollicite
1879 2486 1991 2532 serit
2029 2487 2174 2532 uerba
2214 2506 2221 2531 :

413 2560 595 2603 ‘Frater
635 2559 827 2614 Arcadi,
864 2559 953 2603 scis
991 2574 1164 2619 nempe
1200 2575 1415 2604 sororem
1451 2571 1584 2604 tuam
1609 2560 1848 2604 Venerem
1872 2559 1975 2604 sine
2014 2559 2223 2605 Mercuri

418 2631 683 2690 praesentia
723 2631 787 2675 nil
827 2646 1041 2690 unquam
1070 2630 1251 2684 fecisse,
1280 2647 1363 2677 nec
1387 2644 1430 2677 te
1462 2632 1684 2691 praeterit
1716 2631 1898 2690 utique,
1925 2643 2104 2690 quanto
2129 2632 2221 2676 iam

416 2714 632 2763 tempore
678 2702 1034 2748 delitescentem
1072 2703 1293 2748 ancillam
1335 2703 1642 2763 nequiuerim
1688 2702 1945 2763 repperire.
1990 2702 2072 2749 Nil
2112 2719 2224 2763 ergo

417 2787 633 2836 superest
663 2790 807 2835 quam
843 2787 924 2821 tuo
957 2775 1211 2836 praeconio
1247 2776 1517 2835 praemium
1553 2775 1935 2836 inuestigationis
1966 2774 2225 2835 publicitus

416 2848 615 2890 edicere.
649 2849 739 2890 Fac
764 2862 874 2908 ergo
900 2848 1181 2891 mandatum
1219 2859 1428 2892 matures
1463 2861 1628 2893 meum
1661 2858 1704 2892 et
1738 2846 1930 2903 indicia,
1957 2846 2038 2907 qui
2076 2846 2224 2907 possit

416 2921 627 2979 agnosci,
657 2920 904 2963 manifeste
929 2920 1167 2979 designes,
1196 2934 1253 2963 ne
1278 2920 1429 2980 siquis
1453 2920 1784 2965 occultationis
1814 2919 2018 2964 inlicitae
2044 2919 2220 2965 crimen

417 2992 635 3045 subierit,
683 2993 977 3050 ignorantiae
1024 3008 1070 3035 se
1117 2993 1265 3051 possit
1309 2993 1610 3036 excusatione
1655 2992 1939 3036 defendere'.
1984 2992 2041 3035 Et
2079 2992 2221 3035 simul

415 3063 578 3107 dicens
621 3063 836 3108 libellum
879 3064 917 3108 ei
960 3064 1176 3124 porrigit,
1221 3064 1301 3109 ubi
1344 3065 1553 3125 Psyches
1594 3079 1767 3109 nomen
1810 3063 2143 3109 continebatur
2180 3076 2222 3109 et

416 3148 583 3181 cetera.
613 3137 729 3196 Quo
755 3137 875 3182 facto
902 3137 1121 3197 protinus
1145 3138 1347 3182 domum
1374 3137 1579 3182 secessit.
