2680 3690
330 1063 379 1091 10

321 1791 377 1818 20

320 2144 373 2186 25

318 2506 340 2539 (ᾗ,
349 2521 375 2548 Ο

316 2869 371 2912 35

1176 265 1481 310 —13-

429 399 529 441 Nec
554 397 682 440 enim
711 413 796 440 uos
822 397 985 456 utique
1010 398 1184 440 domus
1208 413 1342 441 meae
1367 398 1548 441 famosa
1573 398 1730 441 fabula
1755 411 1798 442 et
1818 413 1911 442 non
1932 398 2118 442 dicendi
2144 398 2227 442 filii

427 470 520 512 mei
547 469 664 513 facta
686 470 951 513 latuerunt².
974 470 1112 513 Tunc
1133 469 1239 512 illae
1260 484 1354 512 non
1377 470 1588 528 ignarae,
1606 485 1726 528 quae
1745 482 1872 528 gesta
1892 482 2019 524 511111,
2036 471 2227 529 palpare

426 541 626 586 Veneris
651 541 770 586 iram
804 542 1098 586 saeuientem
1134 540 1199 585 sic
1223 541 1416 586 adortae
1444 559 1452 586 :
1477 540 1627 601 ‘Quid
1654 542 1760 598 tale,
1787 542 2002 598 domina,
2028 542 2228 603 deliquit

425 626 534 658 tuus
559 613 685 658 filius
710 626 760 658 ut
789 614 954 659 animo
986 613 1219 673 peruicaci
1255 613 1523 673 uoluptates
1554 614 1681 659 illius
1712 614 1982 674 impugnes,
2008 627 2052 660 et
2081 631 2226 674 quam

425 684 501 729 ille
537 683 693 746 diligit
729 698 777 730 tu
815 700 1006 745 quoque
1045 685 1240 745 perdere
1276 685 1479 746 gestias?
1518 686 1647 745 quod
1684 698 1862 743 autem,
1901 701 2115 742 oramus,
2152 686 2226 732 isti

422 757 624 813 crimen,
646 757 681 801 si
704 758 889 817 puellae
912 758 1095 818 lepidae
1112 757 1312 802 libenter
1330 758 1516 802 adrisit?
1538 773 1596 802 an
1620 758 1811 820 ignoras
1830 773 1941 804 eum
1956 759 2225 804 masculum

423 842 466 875 et
491 830 721 875 iuuenem
746 845 864 885 6556,
888 831 961 875 1161
982 842 1103 875 certe
1125 830 1217 874 iam
1239 841 1356 889 quot
1374 830 1432 875 sit
1452 845 1694 875 annorum
1713 832 1860 876 oblita
1885 833 1964 877 es?
1991 847 2069 888 an,
2096 833 2225 891 quod

422 914 622 947 aetatem
661 915 815 962 portat
849 903 1040 957 bellule,
1069 919 1188 962 puer
1220 903 1304 947 tibi
1341 917 1532 962 semper
1556 904 1776 948 uidetur?
1814 916 1966 949 mater
1989 916 2151 949 autem
2175 915 2224 949 tu

422 987 465 1018 et
491 987 732 1034 praeterea
755 975 945 1019 cordata
973 976 1146 1019 mulier
1170 975 1253 1019 filii
1280 975 1347 1019 tui
1375 976 1507 1019 lusus
1532 990 1722 1034 semper
1746 976 2015 1035 explorabis
2040 977 2225 1021 curiose

421 1058 465 1090 et
491 1046 535 1089 in
563 1061 618 1090 eo
644 1047 881 1091 luxuriem
905 1046 1121 1106 culpabis
1147 1058 1190 1090 et
1214 1060 1401 1090 amores
1427 1046 1643 1091 reuinces
1668 1058 1711 1091 et
1735 1059 1840 1092 tuas
1870 1058 1993 1092 artes
2024 1059 2223 1107 tuasque

420 1118 614 1162 delicias
639 1118 684 1162 in
712 1118 958 1163 formonso
991 1117 1087 1162 filio
1123 1119 1472 1178 reprehendes?
1510 1119 1618 1178 quis
1653 1130 1814 1164 autem
1848 1130 1891 1164 te
1926 1120 2090 1176 deum,
2117 1120 2224 1179 quis

422 1190 679 1236 hominum
712 1190 933 1251 patietur,
962 1190 1140 1251 passim
1174 1190 1423 1252 cupidines
1459 1191 1651 1252 populis
1674 1191 2089 1249 disseminantem‚
2116 1205 2225 1238 cum

420 1275 527 1308 tuae
570 1265 744 1308 domus
785 1278 971 1308 amores
1017 1278 1177 1308 amare
1229 1264 1478 1308 coherceas
1530 1275 1573 1307 et
1625 1264 1856 1309 uitiorum
1910 1264 2223 1309 muliebrium

422 1335 663 1394 publicam
681 1336 959 1395 praecludas
976 1334 1256 1380 officinam'?
1285 1335 1363 1382 Sic
1384 1336 1488 1380 illae
1510 1348 1637 1380 metu
1660 1337 1939 1396 sagittarum
1960 1336 2224 1396 patrocinio

421 1407 628 1467 gratioso
680 1407 910 1466 Cupidini
964 1408 1189 1466 quamuis
1241 1407 1421 1452 ibsenti
1475 1408 1864 1453 blandiebantur.
1919 1409 2014 1455 Sed
2061 1409 2225 1453 Venus

421 1479 668 1540 indignata
693 1480 891 1524 ridicule
916 1481 1099 1523 tractari
1134 1496 1243 1524 suas
1275 1480 1475 1524 iniurias
1508 1481 1777 1539 praeuersis
1807 1481 1898 1524 illis
1929 1481 2225 1525 altrouorsus

419 1551 606 1595 concito
629 1552 777 1610 gradu
806 1552 972 1611 pelago
1001 1552 1126 1595 uiam
1155 1553 1371 1611 capessit.

566 1630 628 1673 VI
666 1646 676 1672 1
713 1631 895 1674 Interea
923 1631 1017 1675 Psv
1009 1631 1104 1673 6116
1133 1631 1277 1674 uariis
1302 1630 1562 1674 iactabatur
1581 1631 1896 1685 discursibus
1918 1631 2019 1675 dies
2046 1642 2223 1674 noctes-

419 1717 511 1760 que
550 1702 705 1745 mariti
742 1701 1142 1761 uestigationibus
1178 1701 1389 1760 inquieta
1425 1702 1606 1755 31111110,
1633 1713 1763 1745 131110
1798 1702 2018 1760 cupidior
2050 1702 2223 1746 iratum

420 1774 525 1817 licet
562 1774 631 1827 [si]
680 1789 774 1817 non
824 1774 984 1817 uxoris
1028 1773 1274 1817 blanditiis
1319 1774 1484 1827 1611116,
1532 1786 1654 1817 certe
1699 1774 1957 1817 seruilibus
2003 1773 2225 1832 precibus

420 1844 695 1904 propitiare.
740 1846 797 1889 Et
834 1858 1084 1904 prospecto
1121 1845 1300 1903 templo
1335 1846 1544 1903 quodam
1583 1844 1627 1888 in
1664 1845 1798 1889 ardui
1838 1845 2013 1889 montis
2048 1845 2223 1889 uertice

415 1919 557 1961 ‘unde
594 1920 769 1961 autem³
806 1918 961 1976 inquit
991 1918 1122 1971 ε5610,
1148 1934 1205 1960 311
1246 1917 1348 1960 15116
1386 1933 1521 1960 1116115
1558 1919 1694 1977 degat
1731 1918 1999 1961 dominus'?
2038 1930 2082 1961 et
2117 1918 2223 1961 ilico

418 1990 579 2050 dirigit
603 1991 797 2035 citatum
823 1991 1044 2049 gradum,
1072 2007 1214 2049 quem
1242 1990 1478 2035 defectum
1512 2008 1707 2049 prorsus
1738 1991 1950 2036 adsiduis
1982 1991 2225 2035 laboribus

419 2078 525 2122 spes
552 2062 776 2108 incitabat
806 2075 849 2108 et
882 2075 1067 2107 uotum.
1103 2063 1301 2121 Iamque
1334 2062 1519 2108 nauiter
1549 2063 1757 2108 emensis
1786 2063 2069 2108 celsioribus
2100 2062 2223 2123 iugis

419 2135 760 2194 puluinaribus
795 2151 894 2180 sese
931 2135 1200 2194 proximam
1237 2135 1410 2180 intulit.
1438 2135 1578 2180 Videt
1612 2136 1764 2195 spicas
1801 2135 2138 2181 frumentarias
2174 2135 2221 2179 in

417 2222 588 2252 aceruo
623 2218 665 2252 et
699 2206 815 2251 alias
848 2207 1027 2252 flexiles
1061 2207 1107 2252 in
1144 2222 1337 2261 6010113,
1364 2219 1407 2252 61
1442 2207 1595 2267 spicas
1630 2208 1795 2253 hordei
1831 2208 1978 2253 uidet.
2010 2208 2155 2253 Erant
2179 2219 2222 2252 et

416 2278 557 2324 falces
576 2291 621 2324 et
644 2294 815 2339 operae
841 2279 1099 2324 messoriae
1115 2280 1328 2325 mundus
1344 2279 1521 2335 omnis,
1541 2280 1620 2325 sed
1638 2292 1806 2325 61111613
1824 2279 2003 2340 passim
2023 2279 2221 2324 iacentia

417 2364 459 2396 et
485 2351 668 2397 incuria
693 2351 889 2397 confusa
920 2364 964 2396 et
996 2363 1045 2396 ut
1076 2352 1192 2397 solet
1222 2364 1352 2397 aestu
1386 2352 1708 2397 laborantium
1739 2352 1965 2397 manibus
1996 2351 2218 2412 proiecta.

421 2425 551 2468 Haec
606 2424 794 2484 singula
852 2424 1034 2484 Psyche
1079 2425 1263 2469 curiose
1309 2425 1484 2470 diuidit
1527 2438 1571 2470 et
1614 2425 1856 2470 discretim
1904 2436 2083 2470 remota
2135 2424 2219 2469 rite

417 2496 681 2555 componit,
708 2507 805 2540 rata
831 2496 1007 2541 scilicet
1032 2496 1211 2541 nullius
1236 2497 1311 2541 dei
1338 2496 1444 2541 fana
1479 2513 1529 2542 ac
1559 2497 1874 2542 caerimonias
1905 2497 2148 2557 neclegere
2173 2512 2219 2541 se

416 2569 609 2624 debere,
641 2570 720 2614 sed
747 2569 970 2614 omnium
997 2569 1273 2614 beniuolam
1299 2569 1679 2615 misericordiam
1704 2585 1971 2630 corrogare.

565 2657 587 2686 2
628 2643 758 2687 Haec
783 2657 888 2687 eam
914 2642 1111 2687 sollicite
1143 2643 1408 2702 seduloque
1442 2655 1690 2688 curantem
1725 2643 1870 2688 Ceres
1904 2642 2029 2686 alma
2059 2642 2219 2700 depre-

417 2714 581 2759 hendit
597 2725 640 2758 et
657 2714 855 2774 longum
873 2715 1102 2759 exclamat
1128 2715 1346 2774 protinus
1366 2733 1373 2759 :
1390 2715 1496 2760 ‘Ain
1518 2715 1701 2774 Psyche
1723 2714 2009 2759 miseranda!
2039 2713 2219 2759 Totum

417 2801 500 2845 per
524 2786 689 2830 orbem
716 2787 880 2830 Venus
903 2786 1040 2830 anxia
1065 2786 1400 2846 disquisitione
1427 2799 1564 2831 tuum
1592 2786 1850 2846 uestigium
1882 2785 2044 2830 furens
2068 2785 2216 2830 animi

416 2857 616 2916 requirit
639 2870 779 2917 teque
806 2859 862 2902 ad
888 2870 1153 2903 extremum
1180 2859 1473 2918 supplicium
1498 2859 1672 2917 expetit
1695 2871 1740 2902 et
1771 2857 1879 2902 totis
1905 2856 2120 2901 numinis
2145 2857 2215 2901 sui

416 2929 603 2973 uiribus
638 2930 871 2974 ultionem
908 2930 1101 2990 flagitat,
1149 2943 1196 2974 tu
1246 2947 1360 2975 uero
1399 2946 1559 2975 rerum
1597 2945 1815 2974 mearum
1853 2930 2051 2973 tutelam
2089 2945 2216 2973 nunc

414 3002 538 3059 geris
568 3014 611 3045 et
645 3002 774 3046 aliud
811 3003 1070 3061 quicquam
1109 3003 1286 3062 cogitas
1325 3003 1412 3046 nisi
1452 3005 1509 3047 de
1545 3015 1625 3047 tua
1650 3003 1841 3046 salute²?
1867 3003 2006 3046 Tunc
2033 3002 2216 3061 Psyche

416 3073 560 3131 pedes
584 3074 688 3118 eius
712 3074 938 3119 aduoluta
964 3087 1007 3119 et
1043 3075 1174 3119 uberi
1201 3075 1311 3119 fletu
1345 3075 1506 3135 rigans
1536 3076 1649 3119 deae
1683 3073 1882 3133 uestigia
1915 3074 2215 3133 humumque

416 3160 612 3190 uerrens
637 3145 850 3191 crinibus
874 3146 973 3191 suis
998 3146 1265 3208 multiiugis
1292 3146 1512 3206 precibus
1537 3145 1674 3191 editis
1704 3144 1897 3190 ueniam
1928 3145 2214 3205 postulabat.
