2680 3690
571 421 597 461 8
635 421 734 465 Nec
770 420 1040 465 Mercurius
1070 419 1231 464 omisit
1264 420 1579 479 obsequium3
1620 435 1729 464 nam
1765 435 1847 479 per
1881 419 2098 463 omnium
2137 435 2214 463 ora

425 493 718 555 populorum
752 492 929 552 passim
954 492 1224 537 discurrens
1260 492 1324 537 sic
1355 493 1604 537 mandatae
1639 492 2005 552 praedicationis
2040 506 2218 535 munus

424 564 745 624 exequebatur
781 582 789 608 :
823 563 1003 623 ‘Siquis
1039 580 1063 608 a
1102 564 1212 625 fuga
1252 565 1486 609 retrahere
1527 565 1601 609 uel
1627 565 1858 608 occultam
1890 565 2217 608 demonstrare

425 635 597 696 poterit
626 636 880 696 fugitiuam
912 636 1033 695 regis
1063 636 1227 690 filiam,
1252 636 1451 680 Veneris
1484 637 1724 690 ancillam,
1752 637 1946 680 nomine
1979 637 2214 695 Psychen,

424 707 680 752 conueniat
696 719 819 752 retro
834 719 983 752 metas
1001 708 1203 752 Murtias
1218 708 1512 753 Mercurium
1530 709 1922 768 praedicatorem,
1939 720 2218 766 accepturus

426 779 663 825 indiciuae
698 779 893 829 nomine
927 779 986 824 ab
1027 780 1126 839 ipsa
1165 781 1348 825 Venere
1389 793 1567 840 septem
1604 781 1735 825 sauia
1775 780 1942 824 suauia
1982 792 2025 824 et
2064 794 2215 823 unum

424 851 713 896 blandientis
737 852 938 911 adpulsu
966 852 1154 912 linguae
1179 853 1316 913 longe
1340 853 1602 897 mellituns.
1630 854 1704 897 Ad
1731 853 1858 896 hunc
1884 853 2081 895 modum
2109 866 2218 910 pro-

425 924 675 968 nuntiante
694 924 934 968 Mercurio
948 925 1062 969 tanti
1079 926 1465 985 praemiicupido
1475 925 1686 970 certatim
1703 925 1925 969 omnium
1941 924 2216 968 mortalium

425 996 639 1041 studium
678 997 935 1041 adrexerat.
964 997 1104 1056 Quae
1143 1013 1214 1042 res
1255 1013 1381 1042 nunc
1421 999 1495 1042 uel
1535 998 1739 1042 maxime
1781 997 1971 1041 sustulit
2013 996 2219 1056 Psyches

424 1084 618 1113 omnem
645 1070 1014 1113 cunctationem.
1044 1070 1242 1129 Iamque
1262 1071 1384 1115 fores
1403 1071 1442 1114 ei
1463 1071 1687 1114 dominae
1707 1069 1994 1129 proximanti
2016 1069 2219 1112 occurrit

425 1156 518 1185 una
543 1142 599 1185 de
624 1140 922 1185 famulitione
941 1142 1141 1186 Veneris
1163 1142 1355 1186 nomine
1376 1143 1687 1188 Consuetudo
1708 1142 1963 1198 statimque
1983 1153 2214 1198 quantum

424 1212 631 1256 maxime
667 1212 821 1271 potuit
854 1213 1082 1256 exclamat
1109 1232 1116 1256 ;
1148 1213 1398 1267 Tandem,
1425 1214 1594 1257 ancilla
1628 1212 1942 1271 nequissima,
1969 1212 2214 1255 dominam

425 1284 600 1328 habere
624 1296 666 1328 te
692 1284 808 1328 scire
840 1285 1066 1342 coepisti?
1105 1301 1160 1328 an
1198 1301 1283 1343 pro
1313 1298 1463 1329 cetera
1500 1300 1693 1328 morum
1723 1297 1917 1328 tuorum
1956 1283 2217 1328 temeritate

425 1354 549 1399 istud
575 1371 768 1414 quoque
793 1355 972 1400 nescire
1007 1369 1048 1400 te
1085 1357 1241 1416 fingis,
1269 1369 1472 1415 quantos
1508 1356 1694 1400 labores
1725 1356 1845 1400 circa
1878 1368 1982 1399 tuas
2018 1354 2218 1413 inquisi—

423 1426 576 1472 tiones
616 1426 1014 1472 sustinuerimus?
1057 1429 1136 1473 sed
1179 1428 1315 1482 bene,
1357 1429 1484 1487 quod
1526 1443 1655 1472 meas
1700 1427 2003 1486 potissimum
2048 1442 2218 1470 manus

425 1497 630 1543 incidisti
668 1511 711 1543 et
745 1499 866 1544 inter
904 1498 1015 1545 Orci
1057 1515 1249 1545 cancros
1290 1501 1383 1544 iam
1425 1500 1553 1559 ipsos
1593 1499 1802 1553 haesisti,
1839 1500 2003 1543 datura
2045 1498 2219 1542 scilicet

423 1581 634 1615 actutum
661 1582 814 1615 tantae
840 1572 1164 1617 contumaciae
1196 1570 1402 1632 poenas'.

568 1666 595 1709 9
633 1650 690 1695 Et
719 1649 957 1696 audaciter
991 1650 1036 1695 in
1073 1651 1267 1711 capillos
1301 1651 1402 1696 eius
1438 1651 1654 1696 immissa
1687 1666 1831 1695 manu
1868 1650 2080 1695 trahebat
2114 1665 2214 1694 eam

424 1736 726 1780 nequaquam
755 1722 1053 1767 renitentem.
1082 1722 1245 1781 Quam
1272 1722 1352 1768 ubi
1389 1723 1601 1782 primum
1638 1723 1878 1768 inductam
1913 1722 2216 1781 oblatamque

424 1793 512 1838 sibi
549 1793 794 1853 conspexit
829 1795 1008 1849 Venus,
1049 1794 1360 1840 laetissimum
1402 1795 1695 1840 cachinnum
1729 1795 1905 1840 extollit
1946 1807 1988 1838 et
2027 1794 2214 1853 qualem

424 1866 576 1910 solent
599 1865 811 1911 furenter
844 1867 968 1920 irati,
993 1879 1229 1926 caputque
1253 1868 1474 1926 quatiens
1508 1880 1551 1912 et
1585 1868 1828 1926 ascalpens
1863 1882 2025 1911 aurem
2061 1867 2217 1911 dexte-

425 1952 524 1981 ram
554 1955 562 1980 :
586 1938 835 1982 ‘Tandem’
865 1938 1019 1996 inquit
1040 1938 1244 1997 ‘dignata
1269 1954 1317 1982 es
1342 1954 1530 1983 socrum
1558 1951 1689 1983 tuam
1716 1940 1947 1982 salutare}
1974 1954 2031 1982 an
2061 1938 2218 1996 potius

425 2007 670 2064 maritum,
696 2008 777 2068 qui
803 2020 884 2054 tuo
910 2009 1108 2055 uulnere
1133 2009 1442 2069 periclitatur,
1470 2010 1749 2055 interuisere
1776 2009 1977 2055 uenisti?
2015 2010 2093 2054 sed
2120 2022 2217 2054 esto

426 2095 609 2136 secura,
639 2081 734 2125 iam
760 2081 890 2126 enim
916 2082 1147 2141 excipiam
1179 2094 1221 2126 te
1247 2094 1297 2126 ut
1327 2082 1506 2127 bonam
1545 2097 1722 2126 nurum
1759 2083 2010 2126 condecet³.
2040 2083 2097 2126 Et
2119 2082 2213 2126 ‘ubi

424 2151 548 2196 sunt'
568 2152 723 2211 inquit
739 2152 1037 2199 ‘Sollicitudo
1052 2165 1191 2212 atque
1205 2154 1461 2209 Tristities,
1476 2154 1672 2198 ancillae
1689 2155 1852 2198 meae'?
1876 2153 2073 2211 Quibus
2093 2153 2216 2197 intro
2261 2187 2281 2212 .-

424 2224 603 2268 uocatis
620 2226 937 2283 torquendam
958 2225 1149 2269 tradidit
1168 2240 1287 2269 eam.
1308 2228 1370 2270 At
1390 2225 1496 2269 illae
1516 2237 1766 2284 sequentes
1783 2226 1894 2269 erile
1911 2237 2213 2284 praeceptum

426 2295 642 2356 Psychen
671 2296 905 2341 misellam
930 2296 1125 2356 flagellis
1144 2296 1361 2341 afflictam
1383 2309 1426 2342 et
1445 2298 1610 2342 ceteris
1629 2297 1879 2343 tormentis
1904 2297 2213 2342 excruciatam

423 2367 594 2412 iterum
641 2368 863 2413 dominae
908 2369 1180 2427 conspectui
1227 2369 1448 2414 reddunt.
1495 2370 1635 2414 Tunc
1681 2385 1845 2414 rursus
1890 2369 2075 2413 sublato
2120 2369 2214 2413 risu

421 2441 585 2485 Venus
608 2445 694 2485 z‘et
717 2446 833 2486 ecce'
853 2440 1006 2500 inquit
1022 2441 1176 2485 ‘nobis
1195 2441 1370 2501 turgidi
1393 2442 1574 2486 uentris
1594 2442 1665 2486 sui
1690 2442 1924 2486 lenocinio
1944 2454 2218 2486 commouet

424 2512 797 2569 miserationem,
845 2514 969 2558 unde
1016 2529 1090 2558 me
1130 2514 1368 2574 praeclara
1408 2514 1574 2559 subole
1615 2515 1773 2559 auiam
1818 2514 2003 2559 beatam
2044 2514 2217 2558 scilicet

421 2584 574 2630 faciat.
605 2585 735 2631 Felix
760 2601 875 2631 uero
899 2601 1001 2647 ego,
1028 2602 1148 2646 quae
1174 2586 1221 2631 in
1249 2586 1352 2646 ipso
1376 2587 1540 2631 aetatis
1566 2603 1697 2632 meae
1723 2588 1837 2632 flore
1864 2587 2071 2632 uocabor
2090 2586 2214 2636 auia.

421 2669 465 2703 et
488 2657 599 2703 uilis
624 2658 819 2703 ancillae
851 2658 975 2703 filius
1007 2674 1155 2718 nepos
1179 2659 1379 2704 Veneris
1410 2659 1586 2705 audiet.
1615 2659 1910 2719 Quanquam
1950 2659 2106 2718 inepta
2132 2675 2216 2719 ego

421 2728 593 2776 frustra
627 2729 780 2776 filium
817 2730 988 2776 dicam.
1018 2731 1230 2790 Impares
1267 2730 1394 2776 enim
1433 2732 1628 2791 nuptiae
1663 2744 1706 2777 et
1742 2744 1981 2792 praeterea
2019 2731 2063 2777 in
2104 2732 2216 2777 uilla

420 2801 522 2848 sine
545 2802 744 2848 testibus
768 2813 811 2849 et
835 2814 964 2864 patre
990 2817 1084 2849 non
1116 2803 1442 2849 consentiente
1466 2803 1612 2851 factae
1636 2804 1871 2865 legitimae
1898 2819 1990 2850 non
2018 2816 2217 2864 possunt

422 2874 593 2930 uideri,
619 2889 670 2917 ac
696 2889 779 2935 per
804 2875 891 2918 hoc
915 2875 1107 2935 spurius
1140 2875 1224 2918 iste
1249 2886 1494 2932 nascetur3
1532 2876 1568 2919 si
1600 2887 1756 2920 tamen
1793 2887 1983 2936 partum
2017 2876 2216 2920 omnino

420 2946 628 3005 perferre
652 2958 694 2990 te
726 2949 989 3007 patiemur³.

573 3034 623 3062 to
661 3019 751 3063 His
791 3020 928 3063 editis
968 3020 1149 3063 inuolat
1197 3034 1301 3062 eam
1342 3032 1621 3079 uestemque
1663 3021 1961 3080 plurifariam
2000 3021 2216 3064 diloricat

419 3090 686 3150 capilloque
711 3091 908 3136 discisso
932 3104 975 3136 et
1008 3091 1158 3151 capite
1183 3104 1496 3151 conquassato
1520 3092 1729 3152 grauiter
1753 3092 1931 3153 affligit,
1959 3105 2001 3137 et
2026 3105 2215 3152 accepto

420 3161 661 3210 frumento
687 3175 729 3210 et
765 3164 943 3211 hordeo
968 3176 1012 3210 et
1037 3164 1169 3210 milio
1194 3177 1237 3210 et
1268 3180 1505 3227 papauere
1540 3178 1584 3212 et
1617 3166 1764 3212 cicere
1798 3178 1841 3212 et
1876 3166 1997 3212 lente
2032 3179 2076 3212 et
2109 3166 2213 3212 faba

2268 1097 2317 1125 lt)

2270 1459 2275 1482 1
2294 1444 2315 1483 5

2260 2530 2316 2574 30
