2680 3690
1167 289 1467 333 ,15-

419 425 571 484 ripam
614 422 859 468 florentem
902 421 1062 468 herbis
1102 420 1335 481 exposuit.
1377 421 1514 466 Tunc
1554 420 1669 467 forte
1712 422 1810 467 Pan
1853 422 1969 467 deus
2011 422 2212 467 rusticus

419 497 544 540 iuxta
570 495 876 554 supercilium
904 494 1059 539 amnis
1084 493 1291 548 sedebat,
1315 494 1588 552 complexus
1616 494 1745 538 Echo
1770 506 2047 538 montanam
2074 494 2210 538 deam

417 583 617 626 eamque
665 567 856 612 uoculas
901 565 1205 611 omnimodas
1249 565 1449 610 edocens
1493 565 1755 621 reccinere,
1803 565 2017 625 proxime
2057 565 2209 625 ripam

416 654 538 700 uago
563 650 699 700 pastu
731 637 985 684 lasciuiunt
1019 652 1202 682 comam
1238 636 1371 682 fluuii
1408 638 1656 682 tondentes
1690 638 1913 698 capellae.
1945 637 2211 683 Hircuosus

416 712 532 757 deus
567 711 774 757 sauciam
813 711 1029 771 Psychen
1064 722 1204 769 atque
1237 709 1484 765 defectam,
1518 723 1774 770 utcumque
1809 726 1944 755 casus
1978 710 2080 755 eius
2115 726 2209 755 non

417 784 610 840 inscius,
636 784 892 828 clementer
915 783 972 827 ad
1004 798 1051 827 se
1083 794 1295 827 uocatam
1323 782 1387 826 sic
1412 783 1672 842 permulcet
1698 782 1856 827 uerbis
1881 782 2172 827 lenientibus
2201 799 2208 825 ι

413 856 597 901 cPuella
635 856 819 910 scitula,
860 871 966 900 sum
1003 855 1196 914 quidem
1242 854 1506 899 rusticanus
1545 866 1589 899 et
1626 855 1793 914 upilio,
1836 855 1916 899 sed
1957 854 2212 899 senectutis

416 928 634 990 prolixae·
662 928 890 972 beneficio
928 926 1088 971 multis
1121 926 1457 985 experimentis
1493 927 1766 971 instructus.
1802 928 1979 971 Verum
2017 926 2054 970 si
2091 938 2211 970 recte

415 1000 646 1055 coniecto,
673 1000 800 1058 quod
832 998 1041 1059 profecto
1066 1000 1324 1058 prudentes
1356 998 1444 1042 uiri
1476 999 1825 1043 diuinationem
1858 1010 2126 1052 autumant,
2153 999 2211 1042 ab

417 1072 505 1117 isto
529 1072 762 1117 titubante
799 1084 843 1117 et
879 1072 1067 1132 saepius
1105 1071 1378 1116 uaccillante
1418 1070 1616 1132 uestigio
1653 1071 1807 1131 deque
1846 1070 1996 1116 nimio
2033 1070 2211 1130 pallore

416 1146 628 1205 corporis
652 1157 696 1189 et
715 1144 916 1189 adsiduo
935 1144 1181 1203 suspiritu,
1204 1144 1350 1188 immo
1370 1156 1414 1188 et
1438 1144 1553 1203 ipsis
1580 1143 1906 1188 maerentibus
1925 1143 2074 1187 oculis
2099 1143 2210 1193 tuis,

415 1231 577 1262 amore
603 1215 754 1261 nimio
779 1216 982 1260 laboras.
1011 1216 1136 1276 Ergo
1162 1215 1276 1260 mihi
1309 1216 1520 1260 ausculta
1546 1230 1631 1260 nec
1662 1227 1704 1259 te
1738 1230 1902 1259 rursus
1934 1214 2212 1274 praecipitio

415 1290 490 1335 uel
518 1289 614 1335 ullo
640 1289 807 1334 mortis
826 1288 1049 1334 accersito
1075 1293 1148 1344 [te]
1173 1303 1342 1349 genere
1365 1288 1588 1348 perimas
1614 1289 1819 1333 Luctum
1839 1288 2000 1332 desine
2021 1299 2063 1333 et
2088 1302 2211 1348 pone

415 1376 701 1416 maerorem,
758 1362 1073 1419 precibusque
1128 1361 1284 1419 potius
1338 1360 1629 1419 Cupidinem
1687 1361 1889 1404 deorum
1947 1360 2209 1404 maximum

415 1434 619 1493 percole,
645 1445 688 1478 et
721 1445 881 1492 utpote
917 1433 1265 1478 adulescentem
1303 1432 1555 1477 delicatum
1594 1431 1989 1490 luxuriosumque
2026 1431 2212 1476 blandis

414 1504 657 1565 obsequiis
682 1520 972 1565 promerere.

560 1584 617 1628 26
652 1583 730 1630 Sic
779 1583 934 1628 locuto
978 1584 1066 1628 deo
1111 1594 1295 1642 pastore
1341 1582 1569 1641 nulloque
1614 1596 1835 1626 sermone
1892 1581 2076 1626 reddito
2132 1582 2212 1626 sed

414 1656 609 1700 adorato
628 1666 815 1698 tantum
837 1654 1032 1698 numine
1053 1654 1243 1698 salutari
1268 1654 1452 1713 Psyche
1477 1653 1630 1713 pergit
1651 1654 1731 1697 ire.
1758 1653 1852 1699 Sed
1872 1668 1979 1697 cum
2001 1653 2209 1712 aliquam

415 1728 620 1773 multum
648 1727 752 1772 uiae
788 1727 1020 1772 laboranti
1046 1726 1246 1788 uestigio
1279 1737 1582 1786 pererrasset,
1609 1725 1760 1770 inscio
1784 1725 1994 1785 quodam
2026 1725 2211 1770 tramite

415 1801 510 1845 iam
534 1801 606 1846 die
634 1801 819 1846 labente
845 1801 1020 1845 accedit
1044 1801 1284 1860 quandam
1310 1800 1571 1855 ciuitatem,
1598 1799 1646 1844 in
1668 1814 1761 1858 qua
1787 1813 1984 1859 regnum
2015 1799 2213 1844 maritus

416 1874 560 1917 unius
607 1873 782 1917 sororis
826 1873 927 1916 eius
971 1873 1231 1931 optinebat.
1280 1872 1392 1930 Qua
1438 1887 1485 1916 re
1531 1872 1717 1931 cognita
1765 1872 1948 1930 Psyche
2001 1871 2209 1915 nuntiari

414 1945 734 2005 praesentiam
760 1960 895 1990 suam
915 1945 1064 1990 sorori
1084 1945 1334 1999 desiderat,
1362 1959 1470 1988 mox
1491 1944 1683 1988 inducta
1709 1943 1888 1988 mutuis
1913 1943 2213 2003 amplexibus

412 2019 621 2063 alternae
660 2018 957 2063 salutationis
994 2018 1188 2077 expletis
1225 2017 1521 2077 percontanti
1558 2032 1725 2061 causas
1764 2018 2000 2061 aduentus
2036 2017 2107 2060 sui
2147 2016 2210 2060 sic

414 2089 579 2149 incipit
612 2107 620 2133 :
652 2089 934 2134 ‘Meministi
965 2089 1219 2133 consilium
1250 2101 1482 2143 uestrum,
1515 2089 1691 2133 scilicet
1721 2103 1816 2147 quo
1848 2088 1966 2131 mihi
1999 2088 2213 2132 suasistis

414 2173 463 2206 ut
493 2162 713 2218 bestiam,
740 2177 860 2221 quae
892 2161 1050 2207 mariti
1082 2161 1281 2206 mentito
1312 2161 1508 2205 nomine
1541 2176 1733 2205 mecum
1763 2161 2052 2220 quiescebat,
2080 2160 2211 2220 prius

412 2248 558 2292 quam
614 2233 826 2293 ingluuie
871 2234 1028 2278 uoraci
1074 2248 1149 2277 me
1197 2233 1431 2277 misellam
1479 2233 1690 2277 hauriret
1738 2232 1931 2292 ancipiti
1979 2233 2210 2276 nouacula

412 2305 717 2364 perimerem.
752 2305 833 2352 Set
862 2320 971 2349 cum
1002 2305 1233 2364 primum,
1261 2316 1309 2349 ut
1338 2320 1488 2363 aeque
1519 2305 1780 2364 placuerat,
1811 2305 2000 2348 conscio
2032 2304 2212 2348 lumine

414 2377 574 2422 uultus
598 2377 700 2422 eius
725 2377 903 2437 aspexi,
931 2377 1071 2422 uideo
1095 2377 1274 2422 mirum
1298 2376 1618 2436 diuinumque
1645 2392 1840 2436 prorsus
1869 2377 2209 2436 spectaculum,

413 2449 570 2508 ipsum
608 2449 742 2494 illum
780 2450 894 2494 deae
928 2449 1126 2494 Veneris
1161 2449 1331 2504 filium,
1359 2449 1519 2508 ipsum
1554 2449 1753 2508 inquam
1789 2448 2077 2508 Cupidinem
2119 2449 2211 2493 leni

412 2520 569 2579 quiete
609 2521 836 2581 sopitum.
876 2525 944 2567 Ac
983 2522 1097 2566 dum
1137 2521 1252 2565 tanti
1293 2521 1406 2566 boni
1448 2522 1715 2580 spectaculo
1756 2522 1931 2581 percita
1976 2533 2018 2566 et
2063 2521 2213 2565 nimia

413 2593 675 2653 uoluptatis
718 2595 853 2653 copia
898 2594 1083 2639 turbata
1123 2593 1310 2637 fruendi
1350 2593 1618 2638 laborarem
1667 2593 1846 2653 inopia,
1888 2609 1997 2637 casu
2038 2593 2213 2638 scilicet

413 2679 638 2723 pessumo
679 2665 869 2709 lucerna
908 2664 1097 2709 feruens
1132 2665 1292 2708 oleum
1332 2664 1576 2709 rebulliuit
1613 2666 1659 2708 in
1696 2665 1797 2709 eius
1830 2680 2068 2708 umerum.
2097 2664 2212 2723 Quo

412 2737 575 2781 dolore
592 2737 749 2781 statim
767 2752 937 2781 somno
955 2753 1171 2781 recussus
1188 2736 1269 2780 ubi
1287 2752 1363 2780 me
1379 2737 1505 2781 ferro
1522 2750 1566 2781 et
1582 2737 1678 2797 igni
1696 2737 1941 2796 conspexit
1959 2749 2211 2791 armatam,

408 2807 483 2852 “tu
509 2809 730 2867 quidem³³
753 2808 908 2868 inquit
928 2809 1014 2853 “ob
1041 2809 1163 2853 istud
1189 2820 1285 2852 tam
1309 2808 1469 2853 dirum
1495 2808 1679 2853 facinus
1703 2809 1951 2853 confestim
1976 2821 2080 2853 toro
2106 2824 2213 2853 meo

412 2880 598 2924 diuorte
622 2881 803 2940 tibique
829 2897 901 2925 res
925 2893 1027 2925 tuas
1053 2880 1243 2934 habeto,
1264 2896 1351 2939 ego
1371 2896 1486 2924 uero
1506 2896 1720 2925 sororem
1745 2894 1876 2925 tuam
1895 2908 1940 2913 —·
1966 2893 2009 2924 et
2036 2896 2210 2925 nomen

412 2963 565 3010 quotu
577 2952 783 2998 censeris
796 2951 1718 2998 aiebat—-iammihiconfestimfarreatis
1730 2953 2208 3013 nuptisconiugabo³'.

414 3024 473 3068 Et
496 3024 654 3068 statim
677 3024 899 3083 Zephyro
924 3024 1170 3084 praecipit,
1193 3024 1311 3068 ultra
1336 3024 1567 3068 terminos
1592 3040 1668 3069 me
1687 3025 1861 3069 domus
1881 3025 1981 3069 eius
2003 3024 2205 3069 efflaret&

559 3117 614 3160 27
652 3103 873 3147 Necdum
894 3117 1162 3147 sermonem
1187 3102 1369 3160 Psyche
1390 3101 1593 3157 finierat,
1613 3115 1657 3147 et
1677 3103 1754 3147 illa
1776 3118 1976 3147 uesanae
1999 3102 2210 3147 libidinis

414 3185 455 3216 et
480 3173 689 3217 inuidiae
717 3174 883 3217 noxiae
909 3174 1114 3217 stimulis
1139 3174 1327 3232 agitata,
1348 3189 1371 3217 e
1392 3189 1437 3217 re
1457 3174 1744 3218 concinnato
1768 3175 2017 3218 mendacio
2043 3174 2208 3217 fallens

2263 1094 2311 1122 10

2263 1458 2269 1483 ι
2288 1442 2309 1484 5

2256 1817 2311 1846 20

2256 2166 2309 2208 25

2256 2526 2312 2570 30

2256 2886 2309 2929 35
