2680 3690
1174 897 1449 954 APULEI

784 1145 1175 1217 PSYCHE
1246 1145 1363 1217 ET
1424 1144 1847 1217 CUPIDO

540 1558 655 1602 Met.
686 1558 750 1601 IV
777 1557 834 1601 28
867 1558 1012 1602 Erant
1052 1558 1096 1600 in
1139 1558 1343 1615 quadam
1383 1558 1572 1600 ciuitate
1615 1573 1691 1600 rex
1732 1569 1775 1600 et
1810 1557 1997 1617 regina;
2037 1557 2085 1599 hi
2122 1569 2214 1600 tres

418 1644 619 1674 nurnero
647 1627 766 1673 filias
790 1628 941 1672 forma
964 1628 1246 1687 conspicuas
1272 1628 1494 1672 habuere.
1519 1629 1612 1674 Sed
1634 1629 1836 1672 maiores
1860 1629 2054 1688 quidem
2082 1640 2212 1682 natu,

354 1743 359 1748 .
418 1700 641 1759 quamuis
671 1700 938 1760 gratissima
968 1701 1140 1759 specie,
1175 1701 1341 1745 idonee
1371 1715 1528 1745 tamen
1562 1701 1786 1744 celebrari
1822 1716 1958 1760 posse
1992 1702 2214 1744 laudibus

420 1772 644 1818 humanis
667 1771 1007 1827 credebantur3
1044 1785 1088 1817 at
1113 1789 1226 1818 uero
1251 1773 1434 1832 puellae
1471 1772 1673 1817 iunioris
1697 1785 1790 1817 tam
1820 1774 2090 1832 praecipua,
2119 1785 2211 1816 tam

419 1844 657 1904 praeclara
699 1844 1004 1904 pulchritudo
1045 1874 1102 1878 —
1145 1861 1228 1890 nec
1267 1846 1466 1904 exprimi
1507 1861 1558 1889 ac
1599 1861 1656 1889 ne
1698 1845 1983 1888 sufficienter
2019 1845 2211 1903 quidem

420 1916 599 1962 laudari
618 1916 853 1961 sermonis
879 1917 1074 1961 humani
1107 1917 1306 1976 penuria
1344 1929 1539 1975 poterat.
1569 1916 1708 1961 Multi
1734 1917 1941 1975 denique
1967 1917 2144 1960 ciuium
2172 1929 2215 1960 et

419 1989 630 2039 aduenae
654 1980 852 2046 copiosi,
883 2004 1003 2046 quos
1027 1988 1185 2032 eximii
1218 1989 1468 2047 spectaculi
1503 2004 1666 2033 rumor
1702 1989 1913 2033 studiosa
1947 1988 2214 2032 celebritate

419 2059 754 2120 congregabat,
780 2059 1042 2105 inaccessae
1067 2060 1409 2105 formonsitatis
1432 2061 1745 2105 admiratione
1780 2060 1954 2120 stupidi
1983 2072 2026 2105 et
2057 2060 2214 2105 admo·

420 2144 586 2175 uentes
615 2131 779 2175 oribus
815 2133 913 2175 suis
947 2133 1204 2185 dexteram,
1232 2134 1439 2190 primore
1479 2132 1626 2192 digito
1665 2133 1954 2179 in.erectum
1995 2132 2213 2190 pollicem

421 2202 654 2247 residente
686 2214 734 2247 ut
766 2202 915 2261 ipsam
942 2219 1136 2261 prorsus
1166 2204 1302 2248 deam
1335 2205 1566 2248 Venerem
1600 2204 1952 2247 uenerabantur
1984 2204 2216 2262 religiosis

420 2273 794 2319 adorationibus.
826 2274 1021 2333 Iamque
1047 2275 1286 2334 proximas
1309 2275 1523 2320 ciuitates
1548 2288 1591 2319 et
1620 2275 1819 2335 attiguas
1845 2274 2062 2335 regiones
2091 2274 2215 2318 fama

420 2357 694 2404 peruaserat
726 2346 881 2399 deam,
913 2362 1056 2404 quam
1081 2347 1321 2391 caerulum
1348 2347 1638 2406 profundum
1674 2347 1823 2406 pelagi
1859 2346 2042 2405 peperit
2066 2358 2109 2390 et
2140 2361 2216 2390 ros

420 2416 749 2475 spumantium
794 2417 1022 2461 fluctuum
1062 2418 1297 2473 educauit,
1336 2418 1429 2463 iam
1468 2418 1682 2463 numinis
1719 2418 1790 2462 sui
1829 2418 2006 2477 passim
2039 2417 2215 2463 tributa

422 2488 561 2533 uenia
588 2488 634 2533 in
663 2489 832 2535 mediis
856 2491 1125 2536 conuersari
1158 2491 1322 2550 populi
1353 2491 1585 2545 coetibus,
1613 2492 1686 2535 uel
1718 2503 1838 2535 certe
1871 2506 2060 2535 rursum
2088 2506 2216 2534 nouo

421 2561 693 2606 caelestium
720 2561 951 2607 stillarum
977 2563 1189 2622 germine
1214 2579 1307 2607 non
1336 2563 1502 2617 maria„
1529 2564 1609 2607 sed
1635 2576 1780 2607 terras
1807 2564 2040 2606 Venerem
2074 2563 2212 2606 aliam

422 2631 643 2691 uirginali
669 2632 783 2677 flore
808 2634 1070 2692 praeditam
1097 2635 1370 2693 pullulasse.

545 2718 601 2763 29
637 2702 715 2750 Sic
735 2703 1022 2751 immensum
1042 2706 1253 2764 procedit
1273 2706 1318 2750 in
1338 2706 1439 2751 dies
1458 2706 1641 2764 opinio,
1660 2706 1724 2750 sic
1743 2705 1920 2749 insulas
1939 2705 2031 2749 iam
2050 2721 2215 2763 proxu-

423 2789 524 2818 mas
559 2786 603 2819 et
645 2786 795 2819 terrae
840 2776 1107 2833 plusculum
1156 2776 1521 2836 prouinciasque
1562 2776 1793 2835 plurimas
1836 2776 1959 2820 fama
2005 2789 2216 2835 porrecta

424 2857 725 2905 peruagatur.
755 2846 853 2891 Iam
881 2847 1015 2892 multi
1044 2848 1315 2894 mortalium
1340 2848 1492 2907 longis
1524 2848 1774 2892 itineribus
1805 2860 1944 2907 atque
1974 2848 2216 2892 altissimis

425 2916 568 2962 maris
594 2917 827 2963 meatibus
847 2920 903 2963 ad
929 2921 1101 2965 saeculi
1127 2921 1366 2980 specimen
1386 2920 1647 2980 gloriosum
1669 2920 1988 2964 confluebant.
2014 2920 2212 2979 Paphon

425 3003 585 3043 nemo,
605 2989 797 3035 Cnidon
820 3005 977 3046 nemo,
996 3008 1046 3036 ac
1064 3008 1120 3037 ne
1142 2992 1242 3052 ipsa
1259 2992 1450 3051 quidem
1473 2992 1677 3051 Cythera
1697 2993 1755 3036 ad
1776 3004 2082 3050 conspectum
2102 2992 2215 3035 deae

424 3060 624 3104 Veneris
641 3060 945 3121 nauigabant.
964 3063 1106 3110 Sacra
1122 3064 1226 3109 diae
1244 3075 1665 3124 praetermeantur‚
1682 3064 1858 3122 templa
1872 3062 2215 3117 deformantur,

427 3131 696 3189 puluinaria
730 3133 1030 3185 deseruntur.
1062 3137 1376 3182 caerimoniae
1409 3136 1736 3195 necleguntur‚
1770 3135 2045 3180 incoronata
2076 3135 2216 3179 simu-

427 3202 548 3247 lacra
579 3216 622 3248 et
652 3220 757 3249 arae
791 3207 960 3252 uiduae
992 3208 1162 3268 frigido
1192 3209 1348 3253 cinere
1380 3208 1606 3252 foedatae.
1636 3207 1828 3251 Puellae
1860 3207 2153 3265 supplicatur
2177 3218 2219 3249 et

2063 3278 2075 3307 1

2265 2213 2314 2240 10

2259 2931 2315 2960 20
