2680 3690
347 1033 396 1061 lO

347 1378 394 1420 15

1215 235 1481 275 -8-

438 365 740 425 procedentis
767 364 869 409 labe
904 365 1161 410 consilium
1186 366 1379 411 tacitum
1412 366 1710 427 proderetur,
1737 381 1853 412 auro
1880 364 2005 413 facto
2034 380 2240 428 gemmo-

438 437 597 495 sisque
610 437 1335 482 monilibusonustaseasstatim
1348 449 1515 482 uocato
1529 438 2238 498 Zephyrotraditreportandas.

582 530 610 573 9
646 513 761 572 Quo
786 527 1015 573 protenus
1038 528 1308 574 perpetrato
1333 532 1519 560 sorores
1538 516 1754 576 egregiae
1773 517 1969 560 domum
1992 516 2242 560 redeuntes

438 585 629 644 iamque
653 586 894 645 gliscentis
919 586 1131 631 inuidiae
1157 587 1263 631 felle
1288 588 1541 647 fraglantes
1572 590 1718 632 multa
1744 604 1902 632 secum
1938 589 2242 632 sermonibus

439 657 618 702 mutuis
643 657 1019 716 perstrepebant.
1045 657 1124 705 Sic
1149 659 1357 717 denique
1384 660 1487 704 infit
1511 660 1654 703 altera
1683 678 1690 703 :
1715 658 1802 704 ‘En
1829 660 1944 704 orba
1968 672 2012 703 et
2035 675 2177 703 saeua
2198 672 2242 702 et

438 728 603 787 iniqua
625 729 860 774 Fortuna!
885 729 1055 774 hocine
1075 729 1160 774 tibi
1178 731 1465 789 complacuit
1486 743 1534 775 ut
1555 744 1755 788 utroque
1773 731 1871 789 pari
1897 743 2090 789 parente
2106 747 2241 789 prog-

439 811 573 844 natae
611 798 851 845 diuersam
889 812 1062 845 sortem
1103 800 1477 846 sustineremus?
1517 814 1559 847 et
1606 817 1692 846 nos
1722 802 1935 862 quidem,
1974 817 2093 861 quae
2130 814 2239 846 natu

440 871 642 915 maiores
667 887 851 926 sumus,
880 872 1061 916 maritis
1086 873 1286 916 aduenis
1310 874 1509 918 ancillae
1540 874 1741 929 deditae,
1769 885 1975 919 extorres
2003 885 2047 918 et
2078 875 2171 918 lare
2200 885 2243 918 et

439 944 539 1002 ipsa
565 943 715 1002 patria
747 945 994 1004 degamus,
1023 945 1160 1004 longe
1197 957 1449 1003 parentum
1487 946 1617 990 uelut
1651 946 1909 1001 exulanteS,
1938 946 2050 990 haec
2085 957 2241 990 autem

435 1015 720 1069 nouissima,
767 1032 910 1074 quarn
962 1016 1056 1061 fetu
1104 1016 1301 1061 satiante
1349 1031 1617 1075 postremus
1668 1030 1830 1076 partus
1874 1017 2056 1072 effudit,
2103 1018 2243 1061 tantis

437 1087 612 1146 opibus
642 1100 684 1131 et
713 1088 802 1132 deo
835 1088 1004 1132 marito
1036 1088 1181 1147 potita
1219 1089 1293 1141 sit,
1320 1105 1441 1147 quae
1477 1105 1561 1133 nec
1597 1089 1661 1133 uti
1695 1101 1814 1133 recte
1845 1101 1971 1133 tanta
2002 1089 2240 1133 bonorum

437 1158 573 1217 copia
599 1158 760 1203 nouit?
788 1159 967 1214 uidisti,
990 1175 1141 1213 soror,
1163 1172 1340 1218 quanta
1368 1160 1412 1204 in
1440 1161 1585 1205 domo
1609 1161 1760 1205 iacent
1784 1173 1827 1205 et
1846 1161 2003 1220 qualia
2024 1159 2240 1214 monilia„

438 1246 558 1290 quae
574 1231 844 1291 praenitent
859 1245 1030 1286 uesteS,
1047 1248 1168 1291 quae
1183 1233 1484 1292 splendicant
1503 1248 1605 1293 gem
1616 1248 1736 1288 mae,
1753 1245 1984 1292 quantum
2002 1244 2241 1291 praeterea

439 1303 613 1361 passim
651 1304 857 1347 calcatur
892 1319 1080 1348 aurum.
1110 1303 1255 1361 Quod
1296 1304 1331 1347 si
1372 1304 1595 1349 maritum
1633 1306 1771 1349 ctiam
1811 1316 1904 1348 tam
1943 1304 2239 1348 formonsum

438 1386 565 1419 tenet
601 1386 649 1419 ut
679 1374 917 1429 adfirmat,
945 1375 1074 1419 nulla
1110 1391 1236 1420 nunc
1271 1374 1316 1420 in
1353 1376 1468 1420 orbe
1504 1389 1600 1420 toto
1635 1376 1816 1421 felicior
1849 1376 1996 1430 uiui13
2032 1376 2243 1420 fortassis

438 1457 596 1492 tamen
624 1447 906 1516 procedente
932 1447 1277 1493 consuetudine
1303 1458 1346 1492 et
1370 1447 1633 1493 adfectione
1656 1447 1874 1493 roborata
1894 1448 2029 1493 deam
2052 1462 2242 1506 quoque

440 1518 569 1562 illam
590 1518 707 1562 deus
727 1518 926 1563 maritus
946 1518 1128 1564 efficiet.
1152 1518 1230 1566 Sic
1250 1529 1317 1564 est
1338 1518 1571 1574 hercules,
1591 1519 1655 1564 sic
1676 1533 1723 1564 se
1742 1518 1932 1579 gerebat
1950 1517 2239 1577 ferebatque.

442 1590 540 1633 Iam
565 1589 655 1633 iam
684 1604 873 1634 sursum
902 1590 1093 1650 respicit
1117 1601 1160 1635 et
1184 1591 1320 1635 deam
1349 1590 1496 1650 spirat
1521 1590 1710 1646 mulier,
1737 1605 1857 1650 quae
1885 1605 2024 1636 uoces
2049 1589 2244 1635 ancillas

442 1661 583 1705 habet
607 1672 651 1705 et
676 1661 832 1706 uentis
865 1661 980 1721 ipsis
1019 1662 1274 1721 imperitat.
1302 1666 1363 1707 At
1398 1677 1485 1722 ego
1523 1662 1695 1707 misera
1721 1662 1930 1721 primum
1970 1673 2100 1721 patre
2137 1675 2243 1706 meo

439 1733 679 1776 seniorem
705 1733 929 1777 maritum
957 1733 1119 1777 sortita
1144 1748 1269 1787 sum,
1295 1733 1404 1778 dein
1437 1733 1683 1778 cucurbita
1714 1733 1971 1778 caluiorem
1998 1744 2040 1778 et
2071 1732 2243 1791 quouis

439 1819 590 1863 puero
625 1804 942 1863 pusilliorem,
969 1817 1186 1849 cunctam
1218 1806 1416 1849 domum
1449 1805 1566 1850 seris
1590 1816 1634 1849 et
1657 1804 1834 1849 catenis
1858 1804 2069 1849 obditam
2094 1815 2242 1848 custo-

438 1876 677 1921 dientem'.

598 1964 649 1992 10
686 1948 897 2008 Suscipit
921 1949 1010 1992 alia
1041 1967 1048 1992 :
1074 1948 1192 2008 cEgo
1224 1964 1339 1993 uero
1370 1949 1595 1992 maritum
1631 1948 1870 1993 articulari
1903 1948 2043 1992 etiam
2075 1947 2244 1991 morbo

438 2020 776 2079 complicatum
815 2033 1163 2079 curuatumque
1201 2036 1253 2064 ac
1293 2035 1377 2080 per
1417 2020 1504 2064 hoc
1545 2020 1790 2064 rarissimo
1828 2034 2051 2064 uenerem
2089 2033 2240 2062 meam

372 2097 391 2140 Ῑ
439 2093 724 2138 recolentem
772 2092 1003 2148 sustineo.
1052 2093 1335 2153 plerumque
1376 2094 1584 2138 detortos
1623 2104 1667 2137 et
1711 2093 1905 2138 duratos
1951 2091 1995 2136 in
2038 2090 2241 2150 lapidem

438 2166 613 2226 digitos
638 2166 739 2209 eius
764 2166 1046 2225 perfricans,
1072 2166 1297 2210 fomentis
1322 2165 1463 2210 olidis
1487 2177 1529 2209 et
1555 2165 1727 2225 pannis
1761 2164 1968 2209 sordidis
1992 2175 2036 2208 et
2060 2162 2244 2207 faetidis

438 2238 859 2297 cataplasmatibus
904 2254 1075 2282 manus
1121 2250 1215 2282 tam
1260 2239 1483 2282 delicatas
1529 2238 1639 2281 istas
1684 2238 1910 2289 adurens.
1957 2251 2041 2280 nec
2087 2235 2244 2279 uxoris

439 2310 697 2354 officiosam
729 2310 915 2365 faciem,
943 2311 1023 2354 sed
1051 2310 1261 2354 medicae
1295 2310 1580 2354 laboriosam
1615 2324 1867 2369 personam
1901 2308 2157 2352 sustinens.
2188 2307 2245 2350 Et

438 2395 487 2426 tu
519 2382 733 2441 quidem,
767 2398 919 2436 soror,
953 2382 1149 2435 uideris,
1181 2398 1324 2440 quam
1359 2382 1554 2441 patienti
1589 2382 1661 2425 uel
1694 2381 1853 2440 potius
1884 2380 2043 2424 seruili
2075 2379 2242 2444 (dicam

439 2454 566 2498 enim
595 2454 742 2498 libere
761 2455 890 2512 quod
917 2454 1084 2509 sentio)
1105 2455 1216 2497 haec
1238 2453 1444 2512 perferas
1465 2454 1644 2497 animo.
1670 2453 1933 2497 Enimuero
1952 2466 2039 2510 ego
2059 2464 2244 2508 nequeo

439 2527 671 2571 sustinere
728 2526 926 2570 ulterius
981 2537 1076 2570 tam
1134 2526 1317 2570 beatam
1375 2525 1612 2570 fortunam
1669 2525 1943 2584 conlapsam
2001 2522 2240 2581 indignae.

442 2599 711 2644 Recordare
737 2597 884 2649 enim,
911 2613 1054 2657 quam
1083 2598 1304 2657 superbe,
1332 2613 1475 2656 quam
1511 2597 1795 2657 adroganter
1825 2595 2075 2640 nobiscum
2100 2593 2245 2654 egerit

439 2683 482 2715 et
499 2671 598 2730 ipsa
618 2670 870 2715 iactatione
888 2670 1174 2714 immodicae
1191 2669 1521 2714 ostentationis
1538 2680 1800 2713 tumentem
1825 2681 1965 2712 suum
1984 2664 2245 2726 prodiderit

439 2743 655 2789 animum
682 2744 835 2803 deque
860 2743 1003 2788 tantis
1027 2742 1209 2788 diuitiis
1234 2742 1401 2804 exigua
1434 2742 1572 2787 nobis
1604 2741 1753 2787 inuita
1786 2739 2037 2802 proiecerit
2065 2737 2242 2784 confes·

372 2821 390 2863 Ῑ
439 2818 621 2876 timque
647 2817 910 2877 praesentia
938 2828 1098 2860 nostra
1123 2828 1316 2876 grauata
1338 2815 1537 2875 propelli
1559 2827 1601 2859 et
1626 2815 1770 2859 efflari
1798 2812 2132 2870 exsibilarique
2158 2826 2245 2855 nos

441 2889 645 2934 iusserit.
688 2889 788 2934 Nec
824 2904 928 2933 sum
970 2888 1141 2933 mulier
1179 2903 1262 2933 nec
1299 2888 1499 2933 omnino
1534 2887 1680 2947 spiro,
1709 2886 1797 2931 nisi
1835 2900 1938 2930 eam
1972 2898 2160 2944 pessum
2187 2883 2243 2928 de

440 2962 582 3007 tantis
617 2962 792 3022 opibus
824 2962 1054 3006 deiecerO.
1083 2965 1150 3006 Ac
1176 2961 1212 3005 si
1249 2961 1333 3006 tibi
1370 2962 1531 3016 etiam,
1559 2972 1608 3005 ut
1643 2975 1728 3020 par
1763 2971 1847 3014 est,
1876 2957 2051 3002 inacuit
2086 2968 2243 3001 nostra
2277 2964 2280 2967 “

440 3034 750 3088 contumelia,
787 3034 1042 3077 consilium
1083 3032 1297 3077 ualidum
1332 3032 1634 3091 requiramus
1674 3031 1859 3074 ambae.
1902 3030 2098 3087 lamque
2139 3028 2242 3081 ista‚

440 3122 561 3167 quae
586 3106 802 3162 ferimus,
832 3121 924 3150 non
954 3106 1232 3166 parentibus
1268 3105 1441 3151 nostris
1476 3119 1526 3149 ac
1553 3118 1635 3149 nec
1672 3102 1752 3149 ulli
1790 3112 2110 3147 monstremus
2145 3100 2241 3156 alii,
