2680 3690
379 1063 427 1089 Ι()

378 1422 383 1448 ι
401 1408 423 1449 5

1226 267 1521 309 „24-

472 382 634 439 pansis
679 381 922 439 utrimque
968 383 1131 440 pinnis
1181 384 1315 427 affuit
1365 401 1508 442 rapax
1560 385 1716 442 aquila
1771 401 2052 443 memorque
2097 386 2271 429 ueteris

470 452 709 511 obsequii,
736 468 833 511 quo
857 453 1000 498 ductu
1028 453 1287 512 Cupidinis
1314 454 1418 500 Ioui
1446 455 1768 514 pocillatorem
1802 455 2071 516 Phrygium
2095 456 2270 502 sustul-

470 537 585 579 erat,
622 537 911 584 oportunam
950 525 1104 571 ferens
1141 542 1283 585 opem
1321 527 1494 586 deique
1528 543 1704 573 numen
1745 528 1789 572 in
1830 527 1990 573 uxoris
2027 528 2271 573 laboribus

471 596 717 656 percolens
742 596 819 642 alti
847 597 1072 642 culminis
1097 596 1244 643 diales
1271 598 1372 644 uias
1406 599 1598 655 deserit,
1623 612 1666 645 et
1690 599 1750 645 ob
1775 615 1827 645 os
1859 599 2045 659 puellae
2070 615 2271 659 praeuo-

472 668 572 712 lans
618 668 784 728 incipit
832 686 839 712 :
885 667 961 714 ‘At
1006 681 1053 714 tu
1101 669 1302 729 simplex
1347 670 1559 730 alioquin
1608 683 1651 717 et
1695 687 1859 732 expers
1903 686 2063 717 rerum
2103 671 2270 717 talium

470 755 730 799 sperasque
770 752 812 784 te
854 741 1139 785 sanctissimi
1187 756 1271 786 nec
1313 742 1474 787 minus
1525 743 1779 789 truculenti
1822 743 1965 789 fontis
2004 743 2079 788 uel
2124 757 2269 788 unam

470 811 646 856 stillam
673 826 809 871 posse
836 811 981 857 furari
1009 813 1083 858 uel
1110 812 1312 858 omnino
1337 813 1628 874 contingere.
1659 815 1761 862 Diis
1785 815 1926 860 etiam
1954 814 2139 874 ipsique
2166 814 2269 860 Ioui

469 882 799 929 formidabiles
825 899 972 942 aquas
999 884 1109 929 istas
1135 885 1325 945 Stygias
1345 886 1418 930 uel
1440 886 1585 932 fando
1605 887 1907 946 comperisti?
1934 887 2159 946 quodque
2185 901 2273 931 uos

469 956 690 1001 deieratis
723 970 807 1015 per
833 956 1032 1001 numina
1057 957 1277 1012 deorum,
1304 958 1419 1002 deos
1454 973 1536 1017 per
1571 958 1729 1019 Stygis
1761 959 2055 1004 maiestatem
2091 958 2269 1003 solere?

470 1029 549 1072 sed
591 1029 707 1073 cedo
749 1028 885 1073 istam
933 1027 1187 1073 urnulam³.
1218 1029 1276 1074 Et
1322 1030 1541 1088 protinus
1586 1031 1837 1090 adreptum
1882 1031 2272 1090 completumque

469 1100 658 1146 festinat
708 1100 987 1160 libratisque
1044 1101 1303 1161 pinnarum
1363 1102 1638 1148 nutantium
1689 1103 1898 1148 molibus
1954 1103 2075 1148 inter
2126 1118 2271 1163 genas

469 1173 790 1218 saeuientium
832 1173 1050 1218 dentium
1092 1186 1135 1218 et
1174 1175 1367 1219 trisulca
1405 1175 1677 1220 uibramina
1715 1177 1979 1221 draconum
2015 1174 2271 1234 remigium

469 1246 630 1289 dextra
677 1245 908 1305 laeuaque
950 1248 1200 1306 porrigens
1241 1247 1454 1291 nolentes
1495 1262 1642 1306 aquas
1685 1260 1728 1292 et
1771 1259 1820 1292 ut
1859 1247 2009 1292 abiret
2048 1245 2271 1292 innoxius

469 1317 825 1374 praeminantes
855 1317 1044 1375 excipit,
1072 1329 1374 1361 commentus
1405 1319 1465 1360 ob
1502 1319 1685 1362 iussum
1719 1319 1918 1362 Veneris
1942 1330 2099 1377 petere
2133 1318 2271 1377 eique

469 1404 515 1430 se
542 1389 956 1446 praeministrare3
984 1404 1132 1446 quare
1158 1390 1300 1448 paulo
1325 1390 1507 1433 facilior
1531 1392 1739 1434 adeundi
1766 1391 1853 1434 fuit
1876 1391 2027 1443 copia.

624 1467 672 1508 iti
709 1466 787 1511 Sic
810 1479 1051 1525 acceptam
1078 1482 1185 1510 cum
1213 1468 1388 1527 gaudio
1415 1469 1606 1527 plenam
1634 1470 1858 1512 urnulam
1889 1469 2072 1528 Psyche
2097 1469 2269 1511 Veneri

468 1538 603 1581 citata
629 1537 823 1582 rettulit.
855 1539 954 1582 Nec
987 1550 1144 1582 tamen
1185 1550 1354 1583 nutum
1382 1540 1496 1583 deae
1534 1539 1793 1584 saeuientis
1831 1540 1905 1583 uel
1942 1551 2054 1583 tunc
2084 1539 2271 1599 expiare

468 1609 638 1668 potuit.
661 1611 786 1654 Nam
806 1610 870 1654 sic
887 1626 989 1654 eam
1010 1611 1191 1655 maiora
1208 1623 1349 1669 atque
1365 1611 1525 1670 peiora
1540 1612 1714 1671 flagitia
1728 1612 2032 1656 comminans
2048 1611 2269 1671 appellat,

469 1681 695 1726 renidens
720 1681 957 1726 exitiabile
994 1700 1002 1727 :
1033 1683 1151 1726 ‘Iam
1189 1695 1237 1727 tu
1274 1683 1468 1742 quidem
1505 1699 1640 1743 maga
1677 1683 1856 1728 uideris
1885 1684 2117 1742 quaedam
2154 1682 2269 1727 mihi

468 1765 510 1798 et
535 1754 625 1798 alta
651 1769 848 1813 prorsus
873 1756 1103 1810 malefica,
1130 1770 1252 1814 quae
1283 1755 1458 1800 talibus
1490 1755 1752 1815 praeceptis
1784 1755 1902 1800 meis
1932 1755 2269 1815 obtemperasti

468 1826 670 1870 nauiter.
700 1825 794 1872 Sed
832 1827 988 1871 adhuc
1025 1827 1169 1879 istud,
1195 1842 1299 1871 mea
1338 1828 1537 1886 pupula,
1578 1827 1847 1872 ministrare
1882 1826 2092 1872 debebis.
2121 1826 2270 1874 Sume

468 1898 606 1942 istam
634 1898 871 1958 pyxidem²
899 1926 947 1929 —
975 1910 1019 1943 et
1042 1899 1170 1944 dedit
1194 1925 1251 1931 —
1272 1898 1604 1959 ‘protinusque
1629 1901 1686 1945 ad
1712 1899 1890 1945 inferos
1915 1910 1957 1944 et
1982 1899 2131 1959 ipsius
2156 1898 2268 1945 Orci

467 1969 634 2014 ferales
672 1982 865 2030 penates
902 1982 944 2015 te
983 1971 1143 2031 derige
1182 1983 1225 2015 et
1249 1983 1361 2016 tunc
1386 1970 1633 2016 conferens
1660 1971 1882 2031 pyxidem
1916 1970 2230 2030 Proserpinae
2260 1985 2267 2015 :

464 2042 607 2100 “petit
626 2043 683 2086 de
703 2054 745 2086 te
766 2041 956 2086 Venus''
973 2043 1116 2087 dicito
1135 2042 1405 2088 “modicum
1428 2044 1484 2087 de
1509 2055 1587 2087 tua
1609 2044 1766 2087 mittas
1786 2043 1825 2087 ei
1847 2043 2175 2087 formonsitate
2196 2044 2269 2086 uel

467 2114 523 2158 ad
551 2128 698 2158 unam
725 2114 888 2159 saltem
915 2114 1151 2159 dieculam
1178 2115 1430 2160 sufficiens
1461 2116 1586 2159 Nam
1613 2115 1741 2174 quod
1768 2114 1953 2169 habuit,
1975 2115 2091 2159 dum
2118 2113 2268 2159 filium

466 2198 599 2230 curat
643 2198 910 2247 aegrotum,
963 2188 1263 2246 consumpsit
1308 2201 1448 2246 atque
1492 2188 1716 2232 contriuit
1761 2185 1945 2231 omne”.
2004 2186 2097 2233 Sed
2144 2187 2270 2232 haud

468 2258 775 2304 immaturius
801 2260 969 2310 redito,
996 2260 1107 2318 quia
1142 2274 1215 2304 me
1248 2275 1435 2304 necesse
1461 2271 1528 2303 est
1559 2260 1771 2304 indidem
1807 2259 2000 2303 delitam
2031 2259 2270 2303 theatrum

466 2331 668 2375 deorum
693 2329 1023 2390 frequentat&

621 2417 668 2461 17
706 2403 846 2446 Tunc
873 2403 1057 2463 Psyche
1092 2403 1165 2447 uel
1203 2403 1408 2447 maxime
1443 2403 1588 2446 sensit
1626 2402 1817 2446 ultimas
1852 2401 2065 2446 fortunas
2087 2416 2195 2446 suas
2228 2412 2271 2446 et

468 2475 742 2518 uelamento
780 2475 951 2518 reiecto
989 2476 1045 2518 ad
1077 2487 1355 2533 promptum
1396 2475 1591 2518 exitium
1632 2489 1732 2518 sese
1762 2474 1984 2532 compelli
2024 2473 2270 2518 manifeste

465 2546 715 2606 comperit.
745 2546 965 2606 Quidni}
994 2564 1115 2606 quae
1146 2547 1243 2591 suis
1275 2547 1478 2607 pedibus
1511 2547 1634 2591 ultro
1665 2547 1722 2591 ad
1755 2558 1983 2590 tartarum
2010 2561 2270 2606 manesque

466 2635 738 2664 commeare
777 2632 1041 2680 cogeretur.
1081 2621 1180 2666 Nec
1220 2632 1436 2664 cunctata
1477 2619 1659 2664 diutius
1700 2618 1853 2678 pergit
1892 2619 1948 2662 ad
1989 2619 2266 2679 quampiam

465 2693 635 2738 turrim
659 2694 916 2752 praealtam
942 2692 1154 2738 indidem
1176 2709 1275 2738 sese
1295 2693 1460 2738 datura
1483 2693 1820 2752 praecipitem;
1848 2691 1912 2736 sic
1931 2691 2060 2736 enim
2080 2691 2271 2738 rebatur

466 2766 522 2810 ad
551 2765 726 2811 inferos
752 2778 874 2811 recta
900 2778 1039 2826 atque
1066 2765 1389 2825 pulcherrime
1420 2782 1466 2811 se
1499 2780 1636 2825 posse
1670 2765 1973 2810 descendere.
2008 2764 2101 2813 Sed
2127 2764 2269 2811 turris

403 2855 415 2861 ·
466 2838 739 2897 prorumpit
785 2839 829 2882 in
871 2854 1035 2883 uocem
1083 2839 1288 2883 subitam
1336 2850 1379 2882 et
1422 2856 1429 2882 :
1470 2837 1600 2896 ‘quid
1637 2834 1694 2882 te²
1732 2836 1885 2895 inquit
1925 2835 2267 2897 ‘praecipiteim

465 2926 491 2954 o
534 2911 735 2966 misella7
777 2911 968 2969 quaeris
1008 2911 1311 2970 extinguere?
1355 2911 1567 2969 quidque
1612 2909 1704 2953 iam
1753 2908 2018 2953 nouissimo
2058 2910 2269 2969 periculo

466 2983 714 3041 laborique
741 2983 829 3027 isto
855 2995 1031 3027 temere
1058 2983 1362 3027 succumbis?
1392 2997 1500 3026 nam
1529 2982 1564 3025 si
1587 2980 1782 3040 spiritus
1804 2996 1999 3040 corpore
2020 2994 2102 3026 tuo
2122 2982 2267 3025 semel

465 3055 605 3099 fuerit
636 3055 896 3114 seiugatus,
925 3055 1014 3099 ibis
1045 3056 1238 3114 quidem
1274 3055 1482 3114 profecto
1514 3054 1570 3097 ad
1598 3054 1747 3096 imum
1776 3065 2023 3109 tartarum,
2050 3054 2128 3098 sed
2160 3054 2269 3099 inde

467 3128 599 3172 nullo
626 3140 760 3188 pacto
787 3127 938 3173 redire
966 3128 1156 3190 poteris.
1186 3128 1309 3172 Mihi
1336 3127 1564 3171 ausculta.
