2680 3690
1194 289 1465 331 -7-

438 407 705 470 pernicioso
729 405 927 451 consilio
952 421 1089 450 suasa
1114 406 1171 450 de
1196 405 1347 451 forma
1374 406 1528 452 mariti
1554 420 1765 466 quaerat,
1788 423 1906 452 neue
1932 424 1979 451 se
2005 407 2228 467 sacrilega

438 479 706 526 curiositate
731 479 788 522 de
811 489 940 522 tanto
971 476 1268 522 fortunarum
1302 490 1523 538 suggestu
1560 494 1749 538 pessum
1775 479 1944 524 deiciat
1980 494 2063 523 nec
2088 495 2226 523 suum

437 563 598 611 postea
642 549 882 609 contingat
925 549 1214 608 amplexum.
1262 549 1448 595 Gratias
1492 550 1585 610 egit
1629 551 1797 595 marito
1837 551 2025 610 iamque
2067 551 2230 595 laetior

437 622 598 668 animo
626 639 634 665 ε
658 621 753 665 ‘sed
778 620 925 680 prius'
954 620 1107 680 inquit
1134 621 1324 666 ‘centies
1349 622 1524 667 moriar
1547 638 1688 683 quam
1720 635 1801 667 tuo
1833 623 1920 667 isto
1951 622 2229 667 dulcissimo

437 693 644 739 conubio
678 708 879 737 caream.
917 696 1043 737 Amo
1079 692 1205 737 enim
1244 706 1288 738 et
1326 694 1528 739 efflictim
1570 707 1631 750 te,
1658 695 1948 754 quicumque
1984 710 2050 749 es,
2082 695 2229 753 diligo

437 781 586 825 aeque
626 776 675 809 ut
714 779 875 809 meum
916 764 1135 824 spiritum
1178 781 1261 810 nec
1298 765 1386 825 ipsi
1425 766 1654 826 Cupidini
1692 781 1932 826 comparo.
1975 766 2068 813 Sed
2105 766 2227 810 istud

437 838 575 883 etiam
596 836 716 881 meis
736 836 973 895 precibus,
994 852 1096 889 oro,
1119 837 1286 897 largire
1307 850 1349 882 et
1369 838 1434 883 illi
1453 851 1534 883 tuo
1553 838 1732 884 famulo
1750 839 1971 898 Zephyro
1991 838 2226 897 praecipe.

437 908 580 953 simili
603 920 795 952 uectura
820 923 1005 952 sorores
1025 909 1116 952 huc
1138 909 1253 953 mihi
1275 908 1432 954 sistat'.
1459 912 1515 955 Et
1536 911 1817 969 imprimens
1837 910 1997 954 oscula
2017 910 2228 953 suasoria

437 994 478 1026 et
493 980 757 1040 inurguens
772 979 917 1024 uerba
935 980 1189 1025 mulcentia
1203 992 1246 1025 et
1263 981 1481 1041 ingerens
1497 982 1709 1027 membra
1726 981 1940 1042 cogentia
1958 981 2071 1026 haec
2087 980 2226 1025 etiam

436 1051 680 1099 blanditiis
699 1052 864 1096 astruit
883 1064 892 1096 :
908 1050 989 1099 ‘Mi
1012 1052 1203 1107 mellite,
1222 1052 1287 1097 mi
1308 1053 1490 1109 marite,
1509 1066 1614 1099 tuae
1636 1054 1847 1113 Psychae
1868 1053 2020 1098 dulcis
2040 1053 2227 1099 animal

435 1125 493 1169 Vi
519 1140 570 1169 ac
596 1123 811 1183 potestati
838 1123 1010 1168 Veneri
1037 1139 1259 1169 susurrus
1285 1124 1463 1169 inuitus
1488 1125 1736 1169 succubuit
1767 1124 1965 1169 maritus
1995 1137 2038 1168 et
2062 1136 2227 1168 cuncta

436 1212 483 1240 se
508 1196 741 1239 facturum
776 1195 1034 1254 spopondit
1070 1207 1207 1254 atque
1245 1196 1384 1240 etiam
1424 1197 1523 1240 luce
1561 1208 1875 1256 proxumante
1913 1196 1969 1239 de
2007 1195 2228 1239 manibus

437 1283 596 1312 uxoris
624 1278 835 1310 euanuit.

557 1354 580 1396 7
617 1341 678 1380 At
703 1337 810 1380 illae
841 1353 1026 1379 sorores
1059 1350 1355 1395 percontatae
1386 1340 1633 1397 scopulum
1670 1339 1922 1396 locumque
1954 1338 2106 1387 illum,
2133 1353 2228 1396 quo

435 1410 585 1453 fuerat
611 1409 795 1468 Psyche
814 1410 1014 1461 deserta,
1036 1409 1311 1452 festinanter
1335 1410 1599 1453 adueniunt
1619 1410 1779 1468 ibique
1799 1409 2042 1452 difflebant
2066 1410 2227 1453 oculos

435 1496 476 1527 et
502 1481 789 1541 plangebant
822 1481 983 1535 ubera,
1010 1482 1164 1540 quoad
1190 1482 1366 1526 crebris
1391 1498 1552 1526 earum
1584 1482 1875 1526 heiulatibus
1910 1497 2015 1525 saxa
2051 1494 2228 1525 cautes-

434 1570 525 1613 que
556 1553 752 1612 parilem
789 1569 959 1598 sonum
998 1555 1292 1600 resultarent.
1322 1555 1518 1613 Iamque
1554 1554 1747 1599 nomine
1784 1544 1980 1613 pro⁰prio
2016 1571 2225 1599 sororem

435 1625 656 1670 miseram
682 1624 886 1679 ciebant,
913 1626 1068 1684 quoad
1096 1641 1212 1670 sono
1236 1626 1514 1685 penetrabili
1542 1626 1672 1670 uocis
1696 1625 1939 1670 ululabilis
1971 1641 2053 1685 per
2078 1641 2226 1685 prona

433 1697 628 1757 delapso
652 1712 817 1741 amens
841 1708 885 1741 et
907 1697 1090 1756 trepida
1117 1697 1300 1757 Psyche
1325 1697 1559 1757 procurrit
1583 1713 1606 1742 e
1631 1698 1775 1742 domo
1800 1710 1843 1742 et
1870 1713 1877 1739 :
1903 1697 2048 1756 ‘quid’
2072 1697 2227 1756 inquit

430 1774 532 1814 ‘uos
573 1768 758 1813 miseris
795 1768 1216 1813 lamentationibus
1253 1770 1549 1828 nequiquam·
1581 1768 1815 1827 affligitis?
1857 1785 2001 1827 quam
2039 1770 2225 1827 lugetis,

435 1841 619 1885 adsum.
651 1840 902 1900 Lugubres
928 1855 1067 1885 uoces
1086 1840 1285 1885 desinite
1305 1853 1348 1885 et
1365 1840 1563 1885 diutinis
1583 1840 1790 1886 lacrimis
1814 1841 2059 1885 madentes
2082 1856 2226 1900 genas

433 1912 600 1958 siccate
615 1912 824 1967 tandem,
847 1912 1025 1972 quippe
1044 1928 1149 1958 cum
1172 1912 1265 1958 iam
1286 1912 1476 1972 possitis
1494 1928 1636 1972 quam
1659 1912 1956 1972 plangebatis
1975 1912 2221 1972 amplecti&

431 1986 569 2030 Tunc
595 1996 815 2030 uocatum
847 1984 1119 2045 Zephyrum
1147 1984 1381 2044 praecepti
1414 1983 1642 2030 maritalis
1672 1984 1912 2030 admonet.
1943 1985 2042 2030 Nec
2074 2000 2222 2039 mora,

431 2054 541 2101 cum‘
583 2056 659 2101 ille
705 2071 876 2116 parens
921 2056 1122 2115 imperio
1167 2056 1322 2100 statim
1368 2055 1752 2101 clementissimis
1796 2055 1987 2100 flatibus
2033 2056 2224 2100 innoxia

434 2140 624 2173 uectura
642 2129 858 2187 deportat
878 2128 996 2172 illas,
1020 2129 1118 2173 Iam
1142 2128 1318 2173 mutuis
1337 2128 1633 2187 amplexibus
1653 2140 1695 2173 et
1719 2127 2056 2172 festinantibus
2081 2129 2225 2172 sauiis

432 2216 532 2246 sese
557 2199 867 2260 perfruuntur
891 2212 935 2244 et
968 2200 1072 2245 illae
1104 2200 1287 2244 sedatae
1320 2199 1538 2244 lacrimae
1569 2198 1866 2258 postliminio
1897 2200 2096 2244 redeunt
2121 2216 2222 2258 pro-

433 2273 630 2318 lectante
669 2272 860 2332 gaudio.
900 2271 1008 2319 ‘Sed
1050 2283 1092 2317 et
1130 2275 1317 2317 tectum²
1356 2270 1508 2330 inquit
1538 2270 1597 2316 ‘et
1636 2271 1780 2316 larem
1823 2283 2038 2316 nostrum
2081 2272 2224 2316 laetae

432 2344 664 2391 succedite
689 2356 733 2390 et
757 2343 948 2390 afflictas
971 2344 1155 2389 animas
1179 2360 1286 2389 cum
1314 2344 1495 2404 Psyche
1521 2355 1676 2389 uestra
1702 2343 1934 2389 recreate'.

553 2417 579 2462 8
615 2416 1610 2475 Sicallocutasummasopesdomusaureae
1626 2430 1895 2474 uocumque
1911 2416 2221 2460 seruientium

431 2488 714 2549 populosam
739 2487 967 2532 familiam
993 2488 1284 2532 demonstrat
1303 2486 1497 2532 auribus
1516 2502 1677 2531 earum
1700 2487 1983 2546 lauacroque
2008 2487 2222 2546 pulcher-

432 2560 553 2605 rimo
577 2571 621 2605 et
655 2559 945 2604 inhumanae
980 2574 1168 2604 mensae
1201 2559 1394 2604 lautitiis
1427 2574 1503 2604 eas
1527 2558 1722 2618 opipare
1759 2558 1922 2613 reficit,
1951 2571 1999 2603 ut
2034 2558 2221 2603 illarum

432 2643 626 2692 prorsus
655 2621 926 2676 caelestium
953 2631 1229 2677 diuitiarum
1256 2631 1403 2691 copiis
1434 2630 1721 2676 afluentibus
1752 2631 1942 2675 satiatae
1976 2631 2065 2675 iam
2094 2647 2221 2691 prae-

429 2704 602 2749 cordiis
642 2705 832 2763 penitus
871 2704 1108 2748 nutrirent
1152 2703 1400 2748 inuidiam.
1451 2703 1668 2762 Denique
1712 2703 1854 2747 altera
1901 2718 2063 2747 earum
2111 2704 2222 2747 satis

430 2776 705 2835 scrupulose
724 2776 1003 2835 curioseque
1020 2775 1282 2835 percontari
1303 2789 1394 2818 non
1412 2775 1601 2829 desinit,
1619 2774 1727 2834 quis
1743 2774 1932 2819 illarum
1949 2775 2220 2820 caelestium

431 2862 589 2892 rerum
626 2848 868 2903 dominuS,
895 2848 1063 2907 quisue
1099 2848 1172 2892 uel
1204 2847 1357 2907 qualis
1392 2847 1540 2906 ipsius
1576 2846 1634 2891 sit
1670 2846 1883 2891 maritus.
1926 2848 2025 2892 Nec
2063 2858 2217 2891 tamen

431 2919 615 2979 Psyche
638 2919 884 2980 coniugale
917 2919 1033 2963 illud
1059 2907 1361 2980 praeceptum
1394 2918 1489 2961 ullo
1520 2929 1654 2978 pacto
1684 2929 1881 2961 temerat
1912 2918 1985 2961 uel
2020 2919 2221 2978 pectoris

429 2991 614 3035 arcanis
650 2991 809 3051 exigit,
848 2992 927 3036 sed
958 3006 981 3035 e
1012 3006 1059 3035 re
1097 3003 1203 3035 nata
1240 2991 1466 3050 confingit
1501 3005 1600 3034 esse
1639 2990 1863 3034 iuuenem
1900 2991 2139 3048 quendam
2178 3003 2220 3034 et

429 3062 718 3122 speciosum,
734 3064 1042 3109 commodum
1062 3063 1226 3108 lanoso
1242 3062 1445 3108 barbitio
1460 3078 1603 3122 genas
1621 3062 1995 3116 inumbrantem„
2015 3063 2218 3121 plerum—

428 3150 519 3195 que
539 3136 826 3182 rurestribus
842 3151 893 3182 ac
911 3136 1151 3182 montanis
1168 3134 1419 3182 uenatibus
1435 3147 1735 3195 occupatum3
1753 3147 1797 3179 et
1814 3150 1967 3194 nequa
1985 3134 2218 3180 sermonis

2278 1074 2327 1100 lo

2278 1430 2284 1456 ι
2302 1417 2324 1458 5

2270 1792 2325 1820 20

2265 2496 2322 2541 30
