2680 3690
309 1069 357 1096 10

308 1422 354 1464 15

299 2140 353 2181 25

299 2499 356 2542 30

299 2859 320 2901 3
331 2860 352 2901 5

1155 269 1457 312 —143—

404 401 649 448 maritumi
692 401 825 459 quasi
866 401 922 444 de
965 413 1116 445 morte
1159 413 1410 460 parentum
1451 399 1630 460 aliquid
1674 400 2000 459 comperisset,
2048 400 2204 446 statim

404 487 575 515 nauem
603 472 816 515 ascendit
840 484 884 515 et
915 472 971 515 ad
1009 472 1145 516 illum
1181 474 1428 532 scopulum
1467 472 1686 531 protinus
1720 471 1872 532 pergit
1905 484 1949 517 et
1981 472 2206 532 quamuis

401 544 493 587 alio
511 544 651 588 flante
673 555 836 598 uento,
850 558 985 587 caeca
1006 544 1259 604 spe;tamen
1279 545 1487 599 inhians,
1502 543 1676 604 ‘accipe
1694 548 1782 589 me’
1799 543 1962 590 dicens
1978 544 2203 604 ‘Cupido‚

400 616 592 675 dignam
633 627 675 658 te
715 616 989 675 coniugem„
1028 627 1072 659 et
1113 627 1180 668 tu,
1219 616 1455 676 Zephyre,
1494 615 1679 675 suscipe
1714 615 1977 661 dominam‘
2000 616 2120 661 saltu
2158 632 2205 661 se

402 688 612 732 maximo
648 687 954 747 praecipitem
983 688 1130 732 dedit.
1162 689 1261 732 Nec
1285 701 1443 733 tamen
1481 689 1538 733 ad
1575 688 1710 733 illum
1737 689 1893 733 locum
1930 689 2003 734 uel
2039 689 2205 734 saltem

402 772 588 804 mortua
626 760 877 819 peruenire
904 760 1072 817 potuit.
1105 761 1237 806 Nam.
1267 776 1350 821 per
1383 776 1491 805 saxa
1515 760 1724 805 cautium
1759 760 1992 807 membris
2027 760 2206 806 iactatis

400 845 540 892 atque
571 832 813 891 dissipatis
847 844 890 876 et
927 833 1127 891 proinde
1159 838 1214 877 ‘ut
1252 833 1523 878 merebatur
1560 832 1770 878 laceratis
1809 833 2071 878 uisceribus
2107 833 2205 878 suis

400 905 593 949 alitibus
629 905 888 964 bestiisque
923 904 1126 949 obuium
1161 904 1316 950 ferens
1352 905 1583 964 pabulum
1619 904 1812 950 interiit.
1843 905 1942 950 Nec
1967 904 2205 950 uindictae

400 977 642 1035 sequentis
684 991 836 1036 poena
878 977 1098 1020 tardauit.
1145 978 1269 1021 Nam
1315 977 1498 1037 Psyche
1541 992 1703 1022 rursus
1742 970 2017 1022 errabundo
2055 977 2204 1037 gradu

401 1048 620 1106 peruenit
656 1049 712 1090 ad
744 1048 986 1091 ciuitatem
1025 1047 1187 1100 aliam,
1229 1049 1274 1091 in
1314 1063 1406 1107 qua
1444 1048 1542 1108 pari
1579 1048 1723 1093 modo
1760 1062 1893 1093 soror
1930 1047 2206 1093 morabatur

400 1120 505 1163 alia.
537 1121 635 1163 Nec
660 1120 805 1162 setius
838 1131 881 1162 et
918 1120 1018 1178 ipsa
1056 1119 1237 1162 fallacie
1274 1120 1600 1179 germanitatis
1637 1120 1828 1164 inducta
1864 1131 1908 1164 et
1945 1119 1989 1164 in
2029 1119 2205 1165 sororis

400 1192 648 1235 sceleratas
695 1191 885 1249 nuptias
930 1192 1118 1234 aemula
1172 1191 1415 1235 festinauit
1459 1193 1516 1236 ad
1563 1192 1813 1251 scopulum
1860 1191 2004 1251 inque
2049 1191 2204 1237 simile

401 1262 568 1306 mortis
593 1262 791 1306 exitium
817 1262 1000 1306 cecidit.

550 1341 607 1385 28
645 1341 841 1384 Interim
868 1342 984 1384 dum
1014 1341 1196 1400 Psyche
1222 1341 1488 1399 quaestioni
1516 1341 1773 1400 Cupidinis
1799 1342 1975 1387 intenta
2001 1342 2205 1401 populos

400 1413 701 1466 circumibat,
729 1418 803 1466 [at]
831 1413 907 1456 ille
935 1413 1132 1456 uulnere
1158 1413 1377 1457 lucernae
1401 1413 1568 1457 dolens
1594 1413 1639 1457 in
1669 1413 1772 1472 ipso
1796 1414 2007 1458 thalamo
2032 1414 2205 1458 'matris

400 1486 556 1530 iacens
583 1484 870 1545 ingemebat.
899 1485 1036 1529 Tunc
1070 1484 1172 1529 auis
1199 1484 1390 1544 peralba
1418 1484 1495 1530 illa
1527 1485 1683 1545 gauia,
1710 1501 1829 1544 quae
1861 1501 2003 1546 super
2036 1486 2205 1530 fluctus

400 1558 613 1604 marinos
638 1557 802 1616 pinnis
834 1569 979 1608 natat,
1006 1557 1239 1615 demergit
1270 1573 1369 1600 sese
1394 1573 1595 1615 propere
1626 1559 1683 1601 ad
1715 1558 1875 1601 oceani
1909 1558 2203 1617 profundum

398 1630 654 1690 gremium.
685 1628 756 1674 Ibi
782 1629 1094 1673 commodum
1120 1629 1354 1672 Venerem
1384 1629 1622 1673 lauantem
1649 1641 1987 1689 natantemque
2012 1641 2206 1689 propter

398 1702 631 1746 adsistens
688 1701 865 1745 indicat
919 1701 1144 1744 adustum
1202 1700 1353 1743 filium
1410 1700 1530 1754 eius,
1587 1701 1719 1760 graui
1776 1701 1987 1746 uulneris
2041 1702 2203 1746 dolore

400 1785 712 1826 maerentem,
739 1772 942 1817 dubium
969 1772 1133 1816 salutis
1159 1772 1307 1816 iacere
1335 1772 1525 1831 iamque
1552 1788 1634 1831 per
1652 1785 1930 1817 cunctorum
1956 1788 2036 1817 ora
2057 1788 2204 1832 popu-

400 1847 553 1890 lorum
603 1844 880 1889 rumoribus
925 1844 1250 1902 conuiciisque
1299 1844 1444 1887 uariis
1489 1859 1683 1887 omnem
1726 1845 1926 1889 Veneris
1971 1844 2203 1889 familiam

400 1919 521 1961 male
559 1917 742 1969 audire,
769 1918 897 1974 quod
924 1916 999 1959 ille
1025 1916 1219 1973 quidem
1262 1928 1492 1959 montano
1528 1927 1751 1969 scortatu,
1778 1928 1825 1960 tu
1865 1931 1979 1960 uero
2017 1916 2204 1960 marino

398 2000 559 2034 natatu
592 1987 877 2032 secesseritis
914 2003 965 2031 ac
991 2003 1073 2047 per
1100 1987 1188 2031 hoc
1226 2002 1319 2030 non
1361 1987 1582 2046 uoluptas
1620 1987 1732 2042 ulla,
1771 2002 1863 2032 non
1904 1987 2069 2048 gratia,
2108 2003 2202 2032 non

399 2062 549 2120 lepos,
576 2062 656 2105 sed
685 2060 925 2119 incompta
952 2074 994 2103 et
1019 2059 1220 2119 agrestia
1245 2071 1288 2102 et
1321 2059 1513 2103 horrida
1543 2070 1709 2103 cuncta
1742 2059 1853 2113 sint,
1882 2074 1976 2104 non
2010 2059 2203 2118 nuptiae

398 2133 691 2192 coniugales„
739 2146 833 2174 non
880 2131 1118 2173 amicitiae
1164 2130 1377 2180 sociales,
1430 2144 1523 2174 non
1582 2130 1786 2175 liberum
1841 2130 2074 2185 caritates,
2121 2131 2202 2176 sed

398 2204 610 2248 enormis
635 2204 818 2263 eluuies
842 2215 885 2247 et
916 2202 1239 2261 squalentium
1272 2201 1518 2246 foederum
1552 2202 1750 2247 insuaue
1781 2202 2043 2248 fastidium.
2074 2204 2204 2248 Haec

400 2277 475 2321 illa
517 2276 716 2321 uerbosa
742 2287 785 2319 et
822 2275 933 2319 satis
970 2274 1156 2319 curiosa
1194 2274 1297 2318 auis
1335 2275 1379 2317 in
1421 2274 1618 2319 auribus
1655 2274 1854 2319 Veneris
1891 2274 1954 2319 fili
1993 2274 2204 2320 lacerans

398 2348 800 2393 existimationem
823 2347 1097 2407 ganniebat.
1115 2349 1175 2390 At
1191 2347 1353 2389 Venus
1374 2346 1488 2390 irata
1503 2346 1710 2390 solidum
1731 2346 1960 2391 exclama-t
1979 2358 2199 2407 repente:

394 2422 539 2481 ‘Ergo
571 2421 664 2464 iam
704 2420 780 2464 ille
824 2419 980 2463 bonus
1017 2418 1142 2462 filius
1180 2433 1314 2461 meus
1340 2419 1480 2462 habet
1505 2418 1707 2462 amicam
1735 2419 1977 2478 aliquam?
2017 2434 2202 2479 prome,

398 2493 624 2552 agedum,
651 2507 772 2550 quae
798 2491 895 2534 sola
931 2491 1050 2534 mihi
1078 2490 1229 2534 seruis
1254 2502 1485 2543 amanter,
1513 2505 1687 2533 nomen
1721 2491 1823 2534 eius
1846 2505 1968 2549 quae
1999 2505 2203 2549 puerum

400 2565 665 2624 ingenuum
690 2576 734 2608 et
760 2563 996 2607 inuestem
1022 2561 1311 2615 sollicitauit,
1339 2562 1439 2606 siue
1466 2562 1542 2606 illa
1567 2563 1623 2606 de
1657 2563 2000 2622 Nympharum
2026 2563 2204 2622 populo

398 2652 479 2682 seu
505 2637 562 2681 de
591 2637 835 2682 Horarum
869 2649 1072 2678 numero
1107 2649 1188 2678 seu
1225 2634 1282 2678 de
1319 2634 1570 2678 Musarum
1605 2635 1750 2679 choro
1786 2635 1859 2679 uel
1894 2635 1951 2679 de
1988 2650 2203 2679 mearum

397 2709 672 2755 Gratiarum
710 2706 1007 2752 ministerio'.
1048 2706 1145 2750 Nec
1181 2706 1352 2764 loquax
1387 2707 1463 2750 illa
1499 2706 1725 2751 conticuit
1749 2706 1870 2761 auis,
1903 2707 1984 2750 sed
2015 2706 2204 2750 ‘nescio'

399 2782 553 2840 inquit
586 2780 828 2833 ‘dominag
865 2790 980 2838 puto
1012 2778 1221 2837 puellam
1257 2778 1309 2835 (si
1336 2778 1483 2837 probe
1518 2778 1737 2833 memini,
1766 2777 1973 2837 Psyches
2008 2778 2203 2823 nomine

397 2852 972 2910 dicitur)efflictecupere³.
986 2851 1124 2894 Tunc
1142 2849 1387 2910 indignata
1404 2851 1566 2895 Venus
1582 2850 1865 2895 exclamauit
1882 2851 1954 2895 uel
1972 2850 2199 2895 maxime:

393 2926 631 2985 ‘Psychen
654 2924 747 2978 ille,
770 2939 903 2967 meae
925 2922 1104 2966 formae
1125 2923 1400 2976 succubam,
1418 2923 1508 2966 mei
1532 2923 1744 2966 nominis
1763 2923 2021 2976 aemulam,
2038 2922 2074 2966 si
2094 2938 2202 2966 uere

398 2997 570 3057 diligit,
630 2996 860 3040 nimirum
919 2995 1034 3038 illud
1092 2994 1442 3039 incrementum
1491 2995 1646 3039 lenam
1694 3009 1768 3038 me
1818 2994 2022 3053 putauit,
2067 2993 2203 3038 cuius

399 3082 665 3114 monstratu
692 3069 901 3129 puellam
930 3067 1058 3112 illam
1085 3069 1427 3127 cognosceret'?

545 3157 603 3200 ιιι)
640 3142 772 3186 Haec
789 3140 1022 3199 quiritans
1040 3140 1303 3198 properiter
1322 3140 1521 3198 emergit
1540 3154 1563 3182 e
1585 3139 1703 3182 mari
1725 3153 1964 3196 suumque
1985 3138 2203 3197 protinus
