2680 3690
315 1066 365 1093 l()

313 1413 360 1455 15

304 2143 359 2185 25

303 2503 360 2547 30

302 2864 324 2907 3
335 2865 357 2907 5

1165 275 1462 318 „14-

553 395 607 437 23
645 393 786 452 Quae
806 394 920 437 dum
944 393 1198 436 insatiabili
1217 392 1379 436 animo
1397 392 1579 452 Psyche
1601 391 1787 436 satis‘et
1809 392 1995 436 curiosa
2016 392 2215 437 rimatur

409 480 549 524 atque
591 477 842 524 pertrectat
880 478 922 508 et
964 465 1119 508 mariti
1159 465 1229 508 sui
1270 465 1469 508 miratur
1507 480 1656 519 arma,
1694 465 1933 523 depromit
1973 480 2116 509 unam
2158 466 2215 508 de

410 538 630 597 pharetra
656 536 873 597 sagittam
900 548 943 581 et
969 548 1145 596 puncto
1169 536 1355 596 pollicis
1380 548 1636 581 extremam
1662 535 1811 580 aciem
1837 535 2214 596 periclitabunda
2258 526 2266 532 ’

407 609 656 654 trementis
689 604 997 653 etiamnunc
1030 608 1213 652 articuli
1252 609 1358 653 nisu
1394 608 1587 653 fortiore
1622 607 1826 668 pupugit
1858 607 2016 664 altius,
2049 619 2100 653 ut
2134 622 2217 668 per

408 697 645 727 summam
688 693 843 726 cutem
887 681 1154 725 rorauerint
1195 681 1424 740 paruulae
1464 679 1711 741 sanguinis
1752 679 1872 724 rosei
1919 691 2092 741 guttae.
2136 680 2214 727 Sic

409 755 571 814 ignara
620 754 804 813 Psyche
851 765 1019 812 sponte
1067 754 1113 797 in
1161 753 1354 798 Amoris
1400 753 1565 797 incidit
1610 768 1839 797 amorem.
1886 754 2024 798 Tunc
2065 753 2212 812 magis

407 827 655 886 magisque
673 825 898 885 cupidine
917 824 1124 885 fraglans
1141 825 1416 884 Cupidinis,
1436 840 1587 885 prona
1606 824 1650 869 in
1669 840 1778 869 eum
1796 824 2001 870 efflictim
2021 824 2214 869 inhians

408 898 581 957 patulis
607 913 657 942 ac
684 897 1011 957 petulantibus
1037 897 1183 941 sauiis
1208 897 1486 942 festinanter
1511 896 1706 957 ingestis
1725 897 1782 941 de
1807 898 1961 941 somni
1991 912 2213 942 mensura

409 970 663 1015 metuebat.
688 969 783 1016 Sed
804 970 919 1014 dum
942 969 1070 1013 bono
1090 981 1220 1013 tanto
1241 970 1417 1029 percita
1437 968 1595 1014 saucia
1613 980 1769 1014 mente
1788 968 2001 1024 fluctuat,
2023 969 2213 1014 lucerna

408 1043 484 1087 illa
510 1042 611 1086 siue
638 1041 836 1101 perfidia
864 1041 1070 1100 pessima
1102 1041 1202 1086 siue
1239 1041 1425 1086 inuidia
1461 1041 1599 1086 noxia
1630 1041 1731 1085 siue
1761 1041 1889 1100 quod
1914 1041 2004 1086 tale
2042 1056 2214 1101 corpus

406 1115 680 1175 contingere
715 1126 758 1159 et
791 1114 926 1173 quasi
963 1114 1146 1158 basiare
1181 1126 1225 1158 et
1263 1114 1364 1173 ipsa
1401 1114 1648 1174 gestiebat,
1684 1113 1898 1158 euomuit
1932 1115 1990 1158 de
2025 1129 2211 1158 summa

406 1187 603 1231 luminis
628 1186 699 1231 sui
722 1186 895 1230 stillam
916 1185 1146 1230 feruentis
1165 1186 1254 1230 olei
1278 1202 1421 1245 super
1441 1201 1659 1230 umerum
1681 1186 1756 1230 dei
1777 1186 2040 1230 dexterum.
2065 1187 2211 1241 Hem,

405 1260 557 1303 audax
583 1271 626 1303 et
651 1259 899 1303 temeraria
927 1259 1118 1302 lucerna
1144 1271 1187 1302 et
1217 1258 1396 1303 amoris
1421 1258 1516 1302 uile
1540 1257 1879 1313 ministerium,
1906 1258 2062 1318 ipsum
2090 1258 2212 1319 ignis

405 1332 549 1376 totius
584 1332 836 1376 dominum
872 1331 1051 1385 aduris,
1089 1347 1197 1375 cum
1233 1343 1275 1376 te
1311 1331 1487 1375 scilicet
1523 1343 1703 1376 amator
1744 1331 1916 1390 aliquis
1950 1343 1999 1376 ut
2032 1331 2213 1376 diutius

404 1404 577 1463 cupitis
608 1403 748 1447 etiam
783 1415 917 1447 nocte
950 1403 1182 1463 potiretur
1213 1403 1397 1463 primus
1432 1402 1687 1448 inuenerit.
1722 1402 1800 1450 Sic
1832 1402 2019 1449 inustus
2050 1401 2213 1448 exiluit

404 1478 521 1519 deus
542 1476 744 1534 uisaque
770 1476 977 1520 detectae
1008 1475 1115 1519 fidei
1143 1476 1349 1520 colluuie
1385 1475 1605 1536 protinus
1640 1489 1693 1519 ex
1727 1474 1877 1520 oculis
1911 1486 1955 1520 et
1989 1475 2212 1521 manibus

406 1549 760 1592 infelicissimae
786 1548 1004 1607 coniugis
1035 1548 1203 1591 tacitus
1227 1548 1456 1593 auolauit.

552 1640 610 1682 24
644 1629 705 1670 At
740 1625 925 1684 Psyche
956 1625 1113 1668 statim
1147 1626 1437 1684 resurgentis
1468 1626 1570 1669 eius
1600 1641 1736 1670 crure
1766 1626 1957 1670 dextero
1989 1624 2212 1669 manibus

404 1697 639 1742 ambabus
684 1696 881 1757 adrepto
927 1695 1147 1741 sublimis
1182 1696 1444 1741 euectionis
1483 1696 1720 1757 adpendix
1752 1696 2021 1742 miseranda
2055 1709 2099 1742 et
2130 1713 2213 1758 per

406 1770 594 1815 nubilas
620 1770 783 1831 plagas
809 1769 1004 1829 penduli
1042 1770 1293 1814 comitatus
1328 1782 1537 1815 extrema
1573 1770 1830 1830 consequia
1864 1771 2054 1816 tandem
2091 1770 2210 1815 fessa

402 1843 640 1888 delabitur
664 1843 781 1887 solo.
812 1843 912 1887 Nec
937 1843 1055 1887 deus
1079 1853 1263 1887 amator
1296 1842 1429 1886 humi
1465 1842 1695 1887 iacentem
1728 1844 1952 1887 deserens
1977 1843 2212 1888 inuolauit

403 1915 671 1976 proximam
691 1929 974 1974 cupressum
991 1915 1146 1973 deque
1166 1914 1268 1959 eius
1282 1914 1376 1959 alto
1390 1915 1635 1960 cacumine
1656 1914 1721 1960 sic
1737 1929 1841 1960 eam
1857 1914 2065 1975 grauiter
2088 1931 2211 1962 com-

404 2001 562 2033 motus
595 1987 782 2033 adfatur
809 2005 816 2031 :
841 1988 960 2046 ‘Ego
985 1987 1200 2046 quidem,
1228 1987 1582 2046 simplicissima
1609 1988 1813 2047 Psyche,
1839 1987 2049 2047 parentis
2078 2004 2210 2034 meae

403 2059 604 2104 Veneris
624 2071 987 2119 praeceptorum
1011 2059 1283 2113 immemor,
1302 2074 1422 2118 quae
1442 2071 1484 2103 te
1506 2059 1665 2104 miseri
1686 2059 1979 2118 extremique
2000 2060 2210 2105 hominis

403 2131 675 2177 deuinctam
706 2130 932 2190 cupidine
958 2130 1125 2175 infimo
1157 2130 1464 2175 matrimonio
1495 2131 1648 2176 addici
1683 2132 1900 2187 iusserat,
1927 2132 2027 2192 ipse
2053 2132 2210 2192 potius

403 2216 586 2249 amator
621 2202 845 2248 aduolaui
882 2202 985 2247 tibi.
1020 2202 1114 2249 Sed
1154 2203 1241 2247 hoc
1276 2202 1360 2247 feci
1399 2203 1582 2258 leuiter,
1609 2204 1723 2259 scio,
1750 2216 1793 2248 et
1828 2205 2098 2263 praeclarus
2133 2205 2209 2249 ille

403 2275 675 2336 sagittarius
706 2274 807 2334 ipse
840 2290 914 2319 me
949 2274 1042 2319 telo
1067 2290 1174 2319 meo
1210 2274 1418 2334 percussi
1455 2287 1592 2334 teque
1630 2275 1884 2336 coniugem
1920 2292 2076 2321 meam
2101 2276 2207 2333 feci,

404 2359 452 2392 ut
477 2347 625 2391 bestia
651 2346 827 2391 scilicet
862 2346 945 2391 tibi
980 2347 1168 2391 uiderer
1192 2358 1235 2391 et
1268 2346 1393 2392 ferro
1428 2358 1568 2407 caput
1602 2347 1839 2408 excideres
1875 2363 2055 2404 meum,
2081 2349 2210 2409 quod

404 2420 517 2465 istos
531 2431 767 2465 amatores
786 2431 894 2464 tuos
908 2419 1071 2464 oculos
1090 2419 1223 2479 gerit!
1252 2420 1381 2465 Haec
1401 2420 1485 2465 tibi
1508 2419 1767 2466 identidem
1790 2436 1979 2481 semper
1996 2422 2209 2467 cauenda

402 2493 676 2547 censebam,
714 2492 827 2536 haec
863 2491 1086 2536 beniuole
1124 2492 1449 2542 remonebam.
1487 2493 1581 2540 Sed
1619 2493 1725 2538 illae
1763 2493 1955 2553 quidem
1993 2493 2208 2540 consilia-

402 2565 540 2610 trices
564 2564 778 2624 egregiae
804 2576 911 2608 tuae
937 2576 1031 2609 tam
1066 2564 1318 2624 perniciosi
1347 2565 1606 2625 magisterii
1638 2565 1822 2610 dabunt
1852 2577 2061 2612 actutum
2090 2566 2207 2612 mihi

403 2652 599 2696 poenaS,
647 2649 689 2681 te
737 2651 850 2680 uero
896 2648 1079 2681 tantum
1127 2636 1236 2695 fuga
1284 2652 1386 2681 mea
1433 2636 1699 2696 puniuero'.
1751 2639 1808 2682 Et
1850 2653 1957 2683 cum
2004 2638 2209 2682 termino

402 2707 637 2754 sermonis
664 2707 825 2766 pinnis
852 2708 896 2752 in
924 2708 1071 2753 altum
1099 2724 1146 2753 se
1173 2707 1427 2767 proripuit.

549 2782 603 2824 25
643 2780 827 2840 Psyche
846 2795 961 2824 uero
981 2779 1114 2825 humi
1134 2791 1365 2839 prostrata
1382 2793 1426 2825 et
1442 2792 1675 2840 quantum
1696 2780 1800 2825 uisu
1820 2792 2002 2840 poterat
2023 2781 2208 2826 uolatus

403 2852 558 2897 mariti
586 2852 883 2912 prospiciens
904 2851 1125 2897 extremis
1144 2852 1380 2912 affligebat
1405 2852 1829 2898 lamentationibus
1850 2852 2084 2898 animum.
2113 2852 2207 2900 Sed

404 2924 482 2968 ubi
531 2923 732 2983 remigio
777 2924 969 2983 plumae
1022 2936 1209 2983 raptum
1262 2924 1487 2969 maritum
1540 2924 1797 2984 proceritas
1848 2924 1985 2984 spatii
2038 2923 2208 2970 fecerat
2267 2956 2272 2960 »

401 2996 630 3050 alienum,
670 3011 753 3055 per
789 2996 993 3055 proximi
1030 2997 1244 3041 fluminis
1278 2997 1541 3058 marginem
1578 2997 1887 3057 praecipitem
1923 3012 2022 3041 sese
2058 2997 2203 3042 dedit.

402 3068 496 3114 Sed
524 3068 651 3112 mitis
686 3067 882 3117 fluuius.
912 3068 956 3112 in
987 3069 1214 3113 honorem
1242 3069 1315 3113 dei
1354 3069 1529 3113 scilicet
1563 3068 1643 3128 qui
1680 3079 1723 3113 et
1748 3068 1875 3128 ipsas
1899 3083 2046 3127 aquas
2070 3083 2206 3113 urere

401 3140 671 3193 consueuit,
714 3152 931 3184 metuens
972 3141 1060 3184 sibi
1102 3141 1349 3185 confestim
1391 3155 1493 3185 eam
1543 3140 1739 3184 innoxio
1779 3139 2026 3184 uolumine
2066 3155 2208 3199 super
